2143 3081
494 150 605 208 DE
678 151 960 210 Sxerssis
1037 153 1468 212 VETERUM.
1662 175 1769 230 307

247 265 284 313 §.
307 255 393 302 VI.
429 255 546 301 Non
568 254 707 302 solum
734 268 882 301 autem
906 255 1089 302 nomina
1112 257 1274 302 Pania:
1301 258 1393 302 vini
1417 255 1566 303 Doliis
1591 271 1670 319 per
1696 258 1766 303 Sr-

187 335 251 365 Gt
258 336 310 366 Λ3
336 319 713 377 inscribebantur,
750 318 822 365 sed
857 320 992 365 etiam
1026 332 1234 381 tempus,
1266 337 1355 383 quo
1379 319 1468 367 scil.
1495 321 1583 366 hoc
1614 321 1766 367 vinum

186 384 408 446 piolatum
437 383 484 430 δε
505 383 753 430 conditum.
825 383 872 430 V
875 396 1016 429 eteres
1073 383 1303 447 letumque
1327 384 1531 431 CoNsux
1535 401 1573 431 is
1601 401 1766 432 nomen

185 446 265 494 sub
288 463 380 511 quo
407 449 562 494 vinum
585 448 819 496 conditum
852 400 1150 495 inscribeiwant
1174 481 1189 507 ,
1225 460 1276 496 ut
1308 448 1409 495 inde
1442 449 1598 494 melius
1624 449 1680 495 de
1705 467 1766 495 ae-

184 524 278 559 tate
302 512 396 575 ejus
415 510 649 559 constaret
720 512 867 559 Hanc
877 511 1244 560 consuetudinem
1267 516 1410 556 Cicero
1433 529 1475 555 m
1498 517 1630 557 Bruto
1654 513 1765 559 indi-

179 588 256 622 cat
278 577 346 622 his
365 574 536 622 veibis:
575 575 645 623 Ut
669 575 699 622 fi
726 578 821 639 quis
845 577 952 621 vino
976 576 1166 623 Falerno
1188 575 1462 635 deiec‘cetui·³
1499 575 1571 622 sed
1603 593 1658 623 eo
1683 593 1766 623 ηε(

187 641 249 686 ita
271 656 419 698 novo,
451 653 501 686 ut
528 641 743 703 proximis
766 640 808 685 s
806 639 941 686 OSS.
977 652 1133 686 natum
1157 642 1265 687 velit
1281 674 1295 697 ‚
1336 655 1418 686 nec
1448 639 1618 686 ruffus
1609 654 1702 686 ita
1696 657 1769 686 e-

187 704 299 761 teli,
331 717 382 750 ut
405 706 624 763 Opimium
662 717 738 751 aut
774 705 980 750 Anitium
1005 704 1145 750 COS.
1185 718 1366 767 quaes-zm
1433 705 1506 749 Ex
1542 704 1610 749 his
1642 703 1745 749 dieti
1739 721 1768 749 3

187 766 376 839 constan·
391 768 581 814 Veteres
594 768 793 830 duplices
806 767 982 813 SmLAs
994 767 1124 812 doliis
1140 766 1210 814 seu
1224 765 1354 811 Cadi
1344 765 1622 829 inscripsiss'e
1633 800 1648 824 ‚
1664 784 1772 829 qua-

186 847 286 877 rum
311 833 432 901 pijior
454 833 648 877 Patiiam
673 830 745 876 seu
768 831 912 876 natale
945 829 1085 875 solum
1108 831 1283 878 indicav
1287 834 1398 886 erit·,
1432 830 1567 877 alteia
1593 844 1769 894 tempus

189 893 266 940 iub
289 911 413 1003 ciffus
430 893 642 1004 Οὸἓῐυῶ
677 895 867 957 iinpeiio
899 892 1151 941 conditum.
1221 896 1330 942 Huc
1368 893 1654 958 respexeiunt
1680 899 1769 940 Ho-

187 974 269 1006 ru.
311 978 324 1003 1
399 973 420 1002 2
578 973 596 1020 3

459 1042 542 1082 Seu
567 1036 725 1095 maestas
745 1041 856 1082 omni
882 1051 1061 1097 tempore
1088 1040 1254 1082 vixeris
1294 1076 1297 1081 ,

461 1106 544 1146 Seu
567 1115 606 1145 te
632 1105 674 1145 in
701 1115 853 1146 remoto
864 1104 1066 1164 gramine
1079 1116 1154 1162 per
1179 1101 1270 1145 dies

463 1164 594 1221 Festos
618 1168 872 1208 reclinatum
894 1164 1048 1209 bearis.

462 1232 662 1273 Interiore
686 1243 780 1273 nota
810 1230 985 1272 Falerni

194 1313 294 1361 Lib.
335 1331 372 1360 1.
406 1318 494 1360 Sat.
542 1329 611 1360 10.
651 1314 707 1360 de
733 1313 830 1358 Chii
861 1332 912 1361 ac
937 1316 1110 1359 Falerni
1141 1314 1459 1362 commistione:
1495 1347 1560 1356 --
1590 1331 1638 1362 ut
1671 1321 1770 1362 Clm

196 1382 313 1423 Nota
335 1380 379 1437 st
409 1377 626 1435 commista
652 1381 825 1422 Falerni
862 1378 932 1436 est.
1000 1379 1246 1426 Audiamus
1270 1382 1536 1426 Martialem
1562 1380 1633 1427 lib.
1660 1397 1704 1441 7.
1732 1399 1752 1426 e

185 1445 298 1505 ptgr·
325 1459 483 1490 Lxxxx.
511 1457 773 1490 canentem:

432 1526 587 1568 Potavi
612 1522 731 1567 modo
758 1523 982 1584 Consitlare
1011 1526 1163 1569 vinum

440 1588 613 1652 Quaeris
632 1603 763 1649 qnam
786 1601 911 1632 vetus
929 1603 1058 1650 atque
1080 1587 1257 1633 liberale

438 1653 522 1712 Ipsb
545 1654 713 1712 Conftele
737 1651 976 1697 conditum:
1001 1653 1080 1714 sed
1100 1654 1180 1714 ipse}

439 1718 533 1778 Qi
548 1715 754 1777 ponebat,
788 1731 905 1770 erat,
938 1723 1119 1772 Severe,
1160 1719 1310 1778 Confial

199 1793 367 1842 Scribit
397 1795 569 1858 potaffe
594 1797 817 1856 Consulare
851 1801 1002 1843 vinum
1027 1799 1056 1843 i.
1082 1814 1120 1844 e
1155 1811 1285 1844 vetus
1321 1797 1368 1843 &
1391 1803 1481 1843 κατ’
1507 1799 1648 1857 ἑξοχην
1676 1800 1756 1859 Opi
1758 1827 1778 1833 -

196 1863 391 1904 mianum
417 1859 473 1907 de
502 1876 592 1923 quo
617 1859 692 1905 lib
725 1877 763 1906 1.
786 1863 914 1925 epigr.
938 1876 1081 1908 van.
1102 1860 1181 1908 ubi
1202 1864 1388 1923 Antiqui
1411 1863 1570 1926 Opimi.
1592 1861 1648 1907 L.
1663 1862 1779 1924 Opi-

196 1925 291 1970 mio
314 1923 458 1971 COS.
483 1925 540 1971 A
561 1924 624 1971 U.
648 1923 703 1970 C.
733 1940 1051 1973 Dcxxxi11.ea
1075 1925 1174 1972 caeli
1198 1938 1291 1973 erat
1310 1927 1577 1988 temperies,
1611 1939 1662 1973 ut
1686 1925 1779 1972 vini

199 1988 363 2051 optimi
387 1988 557 2036 summa
591 1991 851 2062 proveniret
883 1991 1039 2053 copia³
1075 1989 1233 2054 quod
1221 2007 1269 2037 m
1297 2006 1435 2037 annos
1461 1989 1781 2037 CC.du1a1·.et

199 2051 326 2099 Hinc
349 2053 522 2100 nullum
558 2066 651 2100 erat
675 2054 854 2117 vinum,
890 2054 1019 2117 quod.
1046 2068 1180 2102 aetate
1202 2054 1599 2102 FALERNUM
1631 2056 1783 2100 vince-

198 2130 293 2170 ret,
326 2117 571 2180 praesertim
593 2117 714 2181 quod
738 2119 969 2162 OPIMIO
991 2117 1131 2164 COS.
1155 2118 1438 2165 reconditum
1463 2132 1569 2165 eioeat
1636 2121 1784 2162 Petro-

200 2185 291 2225 nius
322 2181 442 2228 enim
474 2182 520 2226 in
543 2181 774 2244 Satyrico‚
808 2182 1205 2228 FALERNUM
1231 2181 1672 2240 OPIMIANUM,
1705 2198 1782 2228 an-

200 2262 362 2293 nomm
389 2257 600 2304 centum,
632 2246 678 2291 in
698 2247 744 2288 T
741 2248 999 2290 rzmalczonzs
1019 2246 1279 2293 convivium
1303 2244 1475 2292 illatum
1499 2244 1674 2301 scribit,·
1691 2248 1782 2289 Pli-

167 2305 170 2311 ’
200 2313 296 2354 nius
314 2325 423 2357 vero
443 2308 516 2355 lib.
530 2326 622 2356 XIV.
650 2326 684 2354 c.
700 2327 743 2371 4.
767 2308 912 2355 illud
901 2326 948 2356 in
971 2308 1325 2356 ducentesimum
1338 2326 1504 2356 annum
1528 2309 1695 2356 durasse
1709 2326 1783 2356 au-

202 2383 276 2422 τοι
294 2373 371 2421 est.
437 2376 512 2422 Ut
533 2387 684 2421 autem
706 2387 879 2420 veteres
899 2374 1224 2453 cognoscerent
1248 2388 1457 2430 aetatem‚
1482 2375 1544 2421 ita
1569 2374 1688 2420 illam
1704 2391 1785 2420 no-

203 2451 297 2485 tam
323 2438 584 2486 reddebant
650 2436 931 2485 Pendebat
907 2454 932 2484 e
955 2413 1064 2486 vafis
1089 2439 1286 2486 Vinariis
1309 2437 1494 2493 tabella,
1531 2439 1577 2485 in
1604 2455 1688 2501 qua
1721 2439 1785 2484 vi-

202 2504 250 2549 ni
273 2517 379 2550 aetas
411 2503 572 2567 scripta
608 2515 723 2556 erat,
762 2503 788 2547 i.
815 2519 852 2548 e
881 2520 972 2566 quo
1006 2517 1232 2566 tempor‚e
1272 2502 1518 2566 quibusque
1542 2503 1788 2550 CoNsUL1-

201 2582 288 2615 BUs
315 2569 551 2616 conditum
576 2567 696 2614 esset.
731 2567 793 2614 Et
818 2568 917 2614 haec
941 2567 996 2614 de
1022 2569 1179 2614 Smms
1193 2567 1437 2615 Cellarum.

1010 2636 1102 2695 Qq
1144 2648 1165 2676 2
1690 2630 1792 2679 CA·
