2143 3081
254 153 357 210 188
498 145 1578 226 J0.NxcoLA1TxAcTA‘1-10

251 254 453 318 gustinus
481 254 661 314 Regium
688 249 980 296 charaHerem
1003 249 1216 313 appellat.
1287 247 1691 311 Qemadmodum
1722 252 1843 299 enirn

252 315 382 365 servis
408 317 658 364 Dominico
678 318 892 374 nomine,
925 317 988 363 ita
1013 314 1192 362 Milites
1216 314 1516 377 Imperatorio
1539 312 1844 378 signabantur,

251 395 303 429 ut
326 380 686 444 agnoscerentur.
1589 394 1592 398 ’
1838 427 1845 432 .

314 455 351 502 §.
373 446 514 494 XIV.
550 447 763 510 Denique
787 458 840 493 ut
861 443 1003 491 multa
1023 444 1177 509 paucis
1202 440 1638 506 comprehendamus
1658 442 1768 490 illud
1783 444 1846 492 est

251 510 533 569 addendum,
566 511 689 574 quod
715 512 761 558 in
783 509 1046 562 breviculis,
1082 508 1242 571 quibus
1269 508 1452 554 nomina
1474 508 1672 554 militum
1697 510 1846 556 conti-

252 573 474 622 nebantur
501 576 672 623 Smmss
699 575 905 637 quaedam
928 573 1186 621 nominibus
1220 573 1455 635 adscriptae
1493 572 1660 619 fuerint
1685 605 1702 631 ,
1744 588 1845 636 qua:

252 639 499 688 indicarent
522 674 538 699 a
582 657 639 688 an
671 641 819 687 adhuc
853 641 899 687 in
923 640 1037 686 vivis
1061 655 1146 686 nec
1172 655 1241 685 ne.
1309 638 1384 684 De
1411 638 1478 684 his
1505 636 1681 694 Isidorus
1703 636 1777 683 lib.
1807 652 1845 684 1.

251 721 288 749 c.
315 718 389 768 23.
416 705 475 751 fic
501 706 638 752 literis
664 706 823 752 tradit:
862 707 916 752 In
938 703 1177 751 breviculis
1208 719 1419 767 quoque,
1454 700 1615 767 quibus
1648 700 1847 749 militum

249 771 433 815 nomina
456 769 984 833 comprehendebantur,
1019 774 1118 830 (nos
1155 784 1366 817 vocamus
1390 767 1463 814 die
1487 765 1643 822 Rone)
1667 768 1848 830 propria

250 846 360 879 nota
383 847 476 880 erat
499 834 619 897 apud
644 847 841 893 veteres,
874 848 976 897 quae
997 832 1309 896 inspiceretur,
1346 832 1591 893 quantique
1612 847 1670 877 ex
1692 832 1850 879 militi-

251 890 334 944 bus
356 898 624 960 supereffent
639 932 655 957 9
719 900 931 962 uantique
961 900 1007 944 in
1028 896 1152 944 bello
1175 895 1461 944 exceffiss'ent.
1494 896 1556 942 T.
1570 907 1680 942 nota
1702 897 1749 942 in
1771 912 1845 942 ca-

250 963 348 1025 pite
379 962 584 1010 versiculi
622 914 772 1026 poli-ta
804 961 1082 1026 superstitem
1106 960 1383 1025 designabat.
1429 971 1466 1008 Q
1487 958 1596 1006 vero
1620 960 1675 1006 ad
1698 959 1848 1008 unius-

252 1027 463 1090 cujusque
498 1026 698 1074 defuncti
733 1044 902 1075 nomen
936 1026 1262 1090 apponebatur.
1330 1021 1469 1072 Unde
1503 1025 1552 1071 &
1587 1021 1727 1071 habet
1768 1040 1848 1087 per

254 1091 455 1139 medium
477 1091 617 1140 telum
633 1125 649 1151 ,
683 1094 712 1138 i.
737 1109 777 1139 e.
801 1093 958 1139 mortis
983 1091 1173 1155 fignum.
1243 1091 1319 1137 De
1343 1088 1564 1153 prioribus
1588 1087 1760 1136 duabus
1775 1091 1846 1137 Sr-

256 1171 362 1203 GLIS
398 1156 555 1204 eadem
579 1157 840 1201 Alexander
871 1156 927 1202 ab
953 1155 1207 1201 Alexandro
1237 1158 1336 1199 Gen.
1374 1154 1481 1198 dier.
1508 1153 1581 1198 lib.
1614 1168 1653 1213 3.
1681 1168 1770 1215 cap.
1800 1172 1847 1201 v.

254 1219 407 1268 habet.
438 1222 516 1269 De
543 1231 578 1269 Q
600 1222 783 1268 militari
807 1234 916 1268 nota
938 1220 1102 1284 probat
1123 1237 1179 1267 ex
1204 1217 1451 1267 Veteribus
1476 1217 1847 1281 Inscriptionibus

253 1288 457 1348 Scalzger.
483 1288 640 1346 Ausbn.
664 1287 781 1330 [Λᾶ.
806 1284 880 1332 lib.
912 1302 951 1331 2.
978 1302 1013 1330 c.
1042 1299 1114 1330 20.
1145 1295 1181 1331 Q
1205 1299 1316 1346 ergo
1342 1282 1487 1329 feralis
1515 1282 1602 1329 fuit
1632 1282 1760 1329 litera
1795 1299 1846 1332 ac

254 1348 424 1397 infelix.
494 1351 732 1413 Sumptam
767 1364 866 1397 eam
904 1349 952 1396 ὃς
987 1350 1093 1396 vere
1116 1348 1142 1396 ἐι
1167 1349 1333 1396 Graeca
1362 1362 1477 1394 voce
1507 1347 1717 1401 Qoe'm‘l&.
1754 1349 1784 1394 i.
1808 1364 1848 1395 e.

255 1429 376 1461 mors
399 1448 416 1474 ,
461 1417 618 1478 Lipfim
663 1413 855 1463 affirmat
887 1415 1061 1478 Dialog.
1110 1413 1165 1458 de
1205 1414 1322 1458 resia
1358 1415 1704 1475 pronunciatione
1746 1415 1849 1460 LL.

252 1495 291 1524 c.
320 1495 337 1524 1
384 1516 392 1524 .

316 1497 378 1601 §.4
375 1544 487 1593 XV.
524 1545 668 1593 Unde
697 1557 848 1593 autem
869 1543 931 1591 T.
958 1560 1060 1608 quae
1085 1543 1281 1592 salutaris
1302 1560 1353 1590 ac
1378 1540 1657 1607 superstitem
1684 1541 1759 1589 seu
1785 1545 1853 1590 vi*-

254 1624 362 1655 vum
384 1609 601 1669 denotat,
636 1624 789 1658 ortum
814 1609 941 1656 suum
965 1604 1129 1656 habeat
1152 1643 1168 1668 ‚
1212 1610 1332 1655 varia
1356 1608 1457 1655 sunt
1482 1608 1762 1655 Criticorum
1777 1608 1852 1671 ju-

254 1672 383 1719 dicia.
448 1674 628 1738 Lipsius
651 1675 784 1738 alleg.
813 1674 918 1720 loco
943 1673 1168 1720 existimat
1192 1671 1398 1729 ffidorum
1425 1671 1512 1719 ess'e
1548 1672 1704 1719 falsum
1733 1690 1742 1717 ς
1785 1686 1854 1717 at-

256 1752 343 1797 que
367 1738 469 1785 loco
495 1760 542 1786 w
568 1740 629 1786 T.
647 1736 781 1803 jubet
805 1739 866 1786 V,
892 1754 1111 1802 reponere
1134 1771 1149 1796 ,
1197 1753 1298 1800 quae
1324 1739 1468 1801 prima
1499 1737 1628 1783 litera
1660 1738 1705 1783 in
1739 1748 1854 1782 voce

258 1802 466 1852 VIVUS
482 1840 492 1858 ,
530 1803 579 1851 &
602 1805 853 1868 reperiatur
879 1804 928 1849 in
953 1804 1140 1866 antiquo
1163 1801 1339 1865 lapide:

767 1942 817 1980 Θ.
845 1931 962 1980 CN.
986 1930 1354 1980 OGULINUS

890 2007 928 2044 Θ
963 1997 1236 2044 GULNlA

784 2062 847 2110 V.
884 2061 944 2106 L.
982 2059 1293 2109 SAFINIUS

258 2188 354 2237 Hic
380 2191 501 2237 enim
527 2189 620 2237 duo
641 2191 810 2238 mortui
837 2187 1068 2254 signantur
1090 2208 1100 2237 ε
1150 2187 1401 2254 postremus
1422 2190 1569 2234 Vivus.
1609 2184 1861 2236 Subscribit

257 2254 491 2302 sententiae
512 2254 716 2301 Michael
739 2257 1002 2316 Meusnerus
1027 2255 1310 2319 Syntagmat.
1344 2257 1473 2318 super
1497 2252 1730 2301 Adnotam
1749 2253 1862 2300 Phi-

258 2320 400 2384 lolog.
436 2320 611 2368 Verum
637 2318 764 2384 Janm
790 2326 874 2366 Rut
904 2321 1022 2379 erfius
1047 2337 1141 2366 var.
1164 2322 1352 2367 Lth'on.
1376 2319 1445 2366 lib.
1472 2336 1517 2366 v.
1539 2333 1638 2381 pag.
1665 2335 1724 2363 m.
1756 2330 1862 2379 503³

258 2385 363 2430 edit.
400 2384 538 2449 Lngd.
576 2389 738 2432 Batav.
785 2392 864 2432 161
911 2422 919 2431 .
955 2401 1048 2447 cap.
1093 2401 1162 2442 17.
1188 2400 1273 2449 pro
1309 2387 1438 2433 litera
1461 2383 1522 2431 T.
1549 2396 1747 2447 pugnat,
1788 2398 1864 2429 ac*

256 2451 470 2498 cei-sendo
495 2448 623 2499 istam
649 2448 674 2497 ἐι
695 2451 865 2499 Graeco
879 2451 1076 2513 τηρηθεῖς,
1112 2453 1193 2497 Son}
1215 2448 1245 2503 Ξ
1269 2451 1447 2514 wne-5093.
1474 2451 1501 2495 i.
1525 2462 1564 2495 e.
1592 2445 1862 2495 conservari,

256 2513 415 2563 Verba
448 2514 688 2564 doetiffimi
720 2517 851 2575 huius
892 2516 1093 2563 authoris
1118 2552 1129 2570 ‚
1176 2517 1280 2580 quia
1306 2517 1351 2562 in
1378 2528 1629 2579 paucorum
1655 2511 1864 2560 manibus

255 2579 320 2628 est
341 2580 432 2631 huc
465 2579 767 2638 adscribemus
780 2574 842 2631 ’ὃς
862 2579 1116 2634 videbimus
1140 2615 1154 2637 ‚
1198 2580 1309 2645 quid
1331 2579 1500 2632 valoris
1530 2575 1603 2629 fit,
1664 2574 1865 2689 Scripgp·

1854 2676 1865 2700 e
