2143 3081
116 192 160 234 ad
180 190 262 231 libr.
283 202 311 228 r.

116 244 239 284 annal.

118 296 252 335 Taciti.

123 349 172 393 (c)
199 349 235 384 in
246 346 324 384 Nu-

354 151 450 187 tem
468 140 517 188 in
537 137 830 203 Arzstophanis
848 138 899 202 (c)
923 137 1170 189 Comoedia
1187 138 1497 206 interrogabat
1521 139 1727 193 Socrates
1740 160 1752 192 e
1766 158 1866 207 quot
1872 159 1953 214 pez

359 203 434 249 des
453 207 633 265 fhltaret
644 209 775 267 pulex
789 211 811 252 ?
844 207 898 254 ό·
918 223 974 251 an
996 223 1087 262 ore,
1122 223 1178 252 an
1198 221 1347 252 ventre
1369 208 1522 268 simum
1558 211 1715 254 culices
1748 210 1952 258 ederent?

358 268 572 318 Succeffit
593 272 699 317 huic
721 270 842 318 malo
861 271 1086 319 crudelior
1097 271 1258 335 pestis,
1294 272 1418 336 quod
1442 274 1745 337 antiquitatis,
1778 275 1868 323 five
1892 276 1959 325 sa-

358 350 473 394 crae,
495 335 585 383 five
605 334 812 388 forenfis,
839 352 976 383 omne
1001 336 1220 390 studium,
1257 340 1385 397 cujus
1407 351 1586 391 tamen,
1620 337 1654 385 fi
1687 338 1833 386 sobrie
1865 353 1957 389 tra-

117 397 195 437 bib„
216 398 287 436 ast.
309 409 339 436 1·
359 397 529 458 fitetur,
562 414 642 462 per
663 416 849 446 omnem
871 400 1171 446 eruditionem
1194 402 1238 446 se
1263 396 1480 451 diffundit
1505 403 1673 451 utilitas
1688 440 1700 457 ,
1735 404 1860 452 velut
1871 409 1922 450 V
1912 422 1958 450 e-

120 452 218 489 δικη-
244 463 281 489 2.

354 481 401 509 re
424 470 553 510 Sacro
576 477 851 527 prognatum
877 462 1012 522 esset,
1046 462 1212 512 finibus
1236 466 1443 512 omnium
1464 467 1558 514 fere
1580 468 1926 517 Academiarum
1940 504 1955 523 ‚

353 542 490 577 aetate
514 527 689 587 nostra,
724 528 995 591 expulimus.
1062 530 1182 592 Qis
1220 531 1342 577 enim
1364 546 1458 577 non
1490 531 1628 578 hodie
1654 533 1710 579 ad
1733 533 1956 581 Scientia-

351 610 477 648 rum,
515 609 617 657 quae
638 591 847 655 prafficae
871 607 1118 654 vocantur,
1152 593 1296 654 sacra,
1331 595 1537 643 manibus
1562 596 1688 644 velut
1713 597 1849 645 illotis
1880 614 1955 645 ac-

351 659 510 706 cedit?
544 658 661 722 Qis
694 660 812 707 inter
835 675 911 706 eos
927 697 938 714 ,
977 661 1054 723 qui
1075 661 1173 721 Juri
1195 676 1381 724 operam
1409 672 1597 713 navant,
1635 660 1693 707 de
1717 661 1756 708 F
1758 663 1825 708 ori
1850 663 1956 709 Ro-

351 724 473 771 mani
498 723 811 783 Historia,ve1
835 724 930 771 aliis
941 723 1309 788 Jurisprudentiae
1336 724 1500 772 nostrae
1525 724 1754 784 fontibu8‚
1775 739 1852 772 aut
1876 726 1955 774 ad-

351 788 574 836 miniculis
596 820 612 846 ,
649 787 713 834 est
747 787 1002 836 sollicitus?
1032 790 1113 837 Tu
1145 805 1256 854 ergo
1290 788 1454 837 reffius
1479 823 1495 848 ,
1533 790 1620 838 Vir
1661 788 1954 851 Doffiffime,

352 853 476 915 quod
494 854 541 900 in
565 852 734 900 altioris
757 851 885 900 usum
910 853 1106 909 scientiae
1121 888 1138 914 ,
1171 854 1337 915 priscos
1371 871 1518 902 mores
1533 891 1543 906 ‚
1583 854 1632 902 &
1653 855 1865 918 quicquid
1903 857 1952 904 in

350 919 646 981 antiquitate,
680 917 911 978 Hebraea,
943 918 1138 980 Graeca,
1169 919 1408 974 Romana,
1444 919 1686 983 pulchrum
1720 919 1768 966 δε
1798 920 1846 966 in
1873 920 1954 967 Sa·-

351 996 456 1041 cra,
490 995 567 1029 aut
594 981 809 1044 profana,
843 984 1130 1032 reconditum
1154 984 1246 1042 est,
1269 985 1392 1032 velut
1415 1000 1439 1030 a
1466 997 1654 1031 veterno
1681 984 1847 1031 iterum
1869 1000 1951 1031 ex·

349 1047 477 1094 citas.
541 1045 700 1094 Debet
725 1047 843 1095 hanc
867 1046 981 1094 Tibi
1006 1049 1202 1112 gloriam
1223 1049 1446 1112 Tubinga
1466 1047 1615 1095 nostra
1632 1084 1642 1100 ,
1680 1063 1812 1110 quae,
1844 1063 1952 1097 cum

351 1111 476 1159 Viris
495 1112 542 1157 in
566 1112 772 1158 omnium
798 1112 1098 1160 Scientiarum
1121 1129 1289 1178 genere
1302 1112 1580 1161 Doc‘tiffimis
1604 1112 1789 1163 floreat,
1815 1113 1870 1158 ad
1895 1113 1955 1160 ile'

351 1176 446 1223 lum
470 1175 678 1222 literariae
701 1176 863 1239 gloriae
885 1178 1146 1237 cumulum,
1178 1179 1295 1225 hanc
1325 1179 1462 1225 etiam
1481 1210 1492 1226 ‚
1527 1193 1609 1240 per
1641 1176 1878 1224 cultiflima
1901 1194 1953 1224 o-

350 1240 533 1304 puscula
552 1240 681 1294 Tua,
718 1256 935 1304 reparatae
956 1244 1234 1306 antiquitatis
1256 1243 1452 1290 lauream
1473 1240 1614 1289 addit.
1681 1242 1837 1288 Debet
1862 1243 1954 1289 Ti-

351 1306 424 1364 bi,
459 1302 707 1353 Germania
730 1306 902 1361 nostra,
929 1306 1283 1370 profundiflimae
1306 1308 1396 1355 hoc
1420 1309 1468 1354 in
1491 1304 1660 1361 studio,
1678 1303 1918 1353 Do&rinae
1933 1342 1947 1362 ,

350 1370 409 1418 de
434 1370 616 1425 Smms,
632 1368 821 1425 librum,
845 1372 1087 1435 multiplici
1112 1372 1364 1420 suaviorum
1385 1372 1615 1419 literarum
1637 1371 1838 1433 mixtura
1852 1372 1950 1433 ple·

347 1444 486 1492 num,
521 1446 657 1497 quern
685 1451 832 1495 prono
865 1437 1017 1484 favore
1040 1435 1316 1499 Respublica
1345 1438 1538 1484 literaria
1571 1435 1809 1499 suscipiet3
1843 1436 1948 1495 cui,

345 1512 401 1547 ’ut
435 1498 647 1545 collatam
671 1497 785 1543 Tibi
818 1514 875 1543 ex
913 1502 1078 1544 merito
1114 1501 1347 1557 Profhſjbris
1368 1503 1604 1544 Honorarii
1626 1501 1948 1563 Dignitatem,

350 1564 480 1612 Deus
501 1562 563 1608 Τ.
587 1562 650 1606 Ο.
686 1561 760 1606 M.
797 1559 982 1606 faustam
1017 1562 1065 1607 ὃς
1098 1561 1333 1607 salutarem
1369 1562 1455 1608 effe
1484 1562 1671 1623 jubeat,
1706 1579 1762 1608 ex
1796 1565 1950 1610 animo

349 1624 545 1692 precor!
585 1624 655 1671 Ita
691 1622 814 1681 vale,
849 1624 896 1670 &
922 1636 973 1670 ut
1009 1623 1145 1685 soles,
1179 1640 1253 1673 me
1283 1641 1430 1676 amare
1460 1640 1615 1690 perge.
1681 1625 1947 1676 Scribebam

352 1687 630 1756 Stutgardiae
652 1702 699 1751 4.
718 1688 899 1750 Januar.
929 1702 1066 1752 1702.

1865 2472 1950 2522 AB
