<?xml version="1.0" encoding="UTF-8"?>
<!DOCTYPE html PUBLIC "-//W3C//DTD XHTML 1.0 Transitional//EN"
    "http://www.w3.org/TR/xhtml1/DTD/xhtml1-transitional.dtd">
<html xmlns="http://www.w3.org/1999/xhtml" xml:lang="en" lang="en">
 <head>
  <title>
</title>
<meta http-equiv="Content-Type" content="text/html;charset=utf-8" />
  <meta name='ocr-system' content='tesseract 3.04.00' />
  <meta name='ocr-capabilities' content='ocr_page ocr_carea ocr_par ocr_line ocrx_word'/>
</head>
<body>
  <div class='ocr_page' id='page_1' title='image "./tractatusdesigli00nicouoft_0039.png"; bbox 0 0 2143 3081; ppageno 0'>
   <div class='ocr_carea' id='block_1_1' title="bbox 480 167 1748 253">
    <p class='ocr_par' dir='ltr' id='par_1_1' title="bbox 480 167 1748 253">
     <span class='ocr_line' id='line_1_1' title="bbox 480 167 1748 253; baseline 0.011 -30"><span class='ocrx_word' id='word_1_1' title='bbox 480 171 588 231; x_wconf 69' lang='lat' dir='ltr'><strong>Dr„</strong></span> <span class='ocrx_word' id='word_1_2' title='bbox 643 167 919 230; x_wconf 68' lang='lat' dir='ltr'><strong>Smnxs</strong></span> <span class='ocrx_word' id='word_1_3' title='bbox 973 168 1404 235; x_wconf 65' lang='lat' dir='ltr'>VETERUM:</span> <span class='ocrx_word' id='word_1_4' title='bbox 1669 194 1748 253; x_wconf 63' lang='lat' dir='ltr'><strong>m</strong></span> 
     </span>
    </p>
   </div>
   <div class='ocr_carea' id='block_1_2' title="bbox 100 275 1742 2561">
    <p class='ocr_par' dir='ltr' id='par_1_2' title="bbox 100 275 1742 1256">
     <span class='ocr_line' id='line_1_2' title="bbox 144 275 1741 344; baseline -0.003 -12"><span class='ocrx_word' id='word_1_5' title='bbox 144 292 277 332; x_wconf 78' lang='lat' dir='ltr'><strong>ment.</strong></span> <span class='ocrx_word' id='word_1_6' title='bbox 312 292 418 344; x_wconf 89' lang='lat' dir='ltr'><strong>quas</strong></span> <span class='ocrx_word' id='word_1_7' title='bbox 456 277 610 342; x_wconf 87' lang='lat' dir='ltr'><strong>postea</strong></span> <span class='ocrx_word' id='word_1_8' title='bbox 649 275 973 325; x_wconf 84' lang='lat' dir='ltr'><strong>transscribunt</strong></span> <span class='ocrx_word' id='word_1_9' title='bbox 1016 279 1179 326; x_wconf 86' lang='lat' dir='ltr'><strong>notarii</strong></span> <span class='ocrx_word' id='word_1_10' title='bbox 1224 281 1269 327; x_wconf 91' lang='lat' dir='ltr'><strong>in</strong></span> <span class='ocrx_word' id='word_1_11' title='bbox 1314 279 1501 344; x_wconf 85' lang='lat' dir='ltr'><strong>proprio</strong></span> <span class='ocrx_word' id='word_1_12' title='bbox 1532 276 1741 340; x_wconf 57' lang='lat' dir='ltr'><strong>Cod1ce„¹</strong></span> 
     </span>
     <span class='ocr_line' id='line_1_3' title="bbox 146 342 1741 414; baseline -0.001 -18"><span class='ocrx_word' id='word_1_13' title='bbox 146 365 254 414; x_wconf 88' lang='lat' dir='ltr'><strong>quas</strong></span> <span class='ocrx_word' id='word_1_14' title='bbox 278 346 326 393; x_wconf 89' lang='lat'>&amp;</span> <span class='ocrx_word' id='word_1_15' title='bbox 351 344 493 409; x_wconf 78' lang='lat' dir='ltr'><strong>vulgo</strong></span> <span class='ocrx_word' id='word_1_16' title='bbox 516 356 684 391; x_wconf 88' lang='lat' dir='ltr'><strong>vocant</strong></span> <span class='ocrx_word' id='word_1_17' title='bbox 711 345 932 405; x_wconf 76' lang='lat' dir='ltr'><strong>minutas,</strong></span> <span class='ocrx_word' id='word_1_18' title='bbox 966 342 1024 392; x_wconf 75' lang='lat' dir='ltr'><strong>eo</strong></span> <span class='ocrx_word' id='word_1_19' title='bbox 1047 344 1170 408; x_wconf 87' lang='lat' dir='ltr'><strong>quod</strong></span> <span class='ocrx_word' id='word_1_20' title='bbox 1195 346 1269 392; x_wconf 87' lang='lat' dir='ltr'><strong>vel</strong></span> <span class='ocrx_word' id='word_1_21' title='bbox 1295 347 1478 393; x_wconf 91' lang='lat' dir='ltr'><strong>minutis</strong></span> <span class='ocrx_word' id='word_1_22' title='bbox 1502 346 1640 394; x_wconf 89' lang='lat' dir='ltr'><strong>literis</strong></span> <span class='ocrx_word' id='word_1_23' title='bbox 1663 347 1741 395; x_wconf 78' lang='lat' dir='ltr'><strong>vel</strong></span> 
     </span>
     <span class='ocr_line' id='line_1_4' title="bbox 147 408 1740 475; baseline 0.003 -18"><span class='ocrx_word' id='word_1_24' title='bbox 147 414 294 474; x_wconf 87' lang='lat' dir='ltr'><strong>Zifris</strong></span> <span class='ocrx_word' id='word_1_25' title='bbox 314 410 625 459; x_wconf 84' lang='lat' dir='ltr'><strong>scriberentur.</strong></span> <span class='ocrx_word' id='word_1_26' title='bbox 692 408 763 455; x_wconf 84' lang='lat' dir='ltr'><strong>Ita</strong></span> <span class='ocrx_word' id='word_1_27' title='bbox 785 412 904 457; x_wconf 88' lang='lat' dir='ltr'><strong>notis</strong></span> <span class='ocrx_word' id='word_1_28' title='bbox 930 409 1122 458; x_wconf 84' lang='lat' dir='ltr'><strong>scribere</strong></span> <span class='ocrx_word' id='word_1_29' title='bbox 1146 411 1235 470; x_wconf 80' lang='lat' dir='ltr'><strong>est,</strong></span> <span class='ocrx_word' id='word_1_30' title='bbox 1269 412 1345 475; x_wconf 89' lang='lat' dir='ltr'><strong>qui</strong></span> <span class='ocrx_word' id='word_1_31' title='bbox 1368 413 1468 459; x_wconf 80' lang='lat' dir='ltr'><strong>vice</strong></span> <span class='ocrx_word' id='word_1_32' title='bbox 1495 411 1740 461; x_wconf 87' lang='lat' dir='ltr'><strong>verborum</strong></span> 
     </span>
     <span class='ocr_line' id='line_1_5' title="bbox 145 474 1737 541; baseline -0.003 -14"><span class='ocrx_word' id='word_1_33' title='bbox 145 491 335 527; x_wconf 90' lang='lat' dir='ltr'><strong>utuntur</strong></span> <span class='ocrx_word' id='word_1_34' title='bbox 354 474 686 524; x_wconf 68' lang='lat' dir='ltr'><strong>charasteribus</strong></span> <span class='ocrx_word' id='word_1_35' title='bbox 710 475 986 539; x_wconf 86' lang='lat' dir='ltr'><strong>quibusdam.</strong></span> <span class='ocrx_word' id='word_1_36' title='bbox 1057 477 1186 524; x_wconf 91' lang='lat' dir='ltr'><strong>Hinc</strong></span> <span class='ocrx_word' id='word_1_37' title='bbox 1209 494 1282 522; x_wconf 84' lang='lat' dir='ltr'><strong>ars</strong></span> <span class='ocrx_word' id='word_1_38' title='bbox 1303 482 1462 522; x_wconf 73' lang='lat' dir='ltr'><strong>notoria</strong></span> <span class='ocrx_word' id='word_1_39' title='bbox 1477 512 1492 537; x_wconf 81' lang='lat'>,</span> <span class='ocrx_word' id='word_1_40' title='bbox 1528 494 1630 541; x_wconf 86' lang='lat' dir='ltr'><strong>quae</strong></span> <span class='ocrx_word' id='word_1_41' title='bbox 1653 478 1737 525; x_wconf 89' lang='lat' dir='ltr'><strong>do-</strong></span> 
     </span>
     <span class='ocr_line' id='line_1_6' title="bbox 144 540 1742 604; baseline -0.001 -11"><span class='ocrx_word' id='word_1_42' title='bbox 144 556 222 593; x_wconf 84' lang='lat' dir='ltr'><strong>cet</strong></span> <span class='ocrx_word' id='word_1_43' title='bbox 244 542 434 592; x_wconf 88' lang='lat' dir='ltr'><strong>modum</strong></span> <span class='ocrx_word' id='word_1_44' title='bbox 454 540 769 604; x_wconf 68' lang='lat' dir='ltr'><strong>compendiaria:</strong></span> <span class='ocrx_word' id='word_1_45' title='bbox 783 545 1038 604; x_wconf 78' lang='lat' dir='ltr'><em>scriptionis.</em></span> <span class='ocrx_word' id='word_1_46' title='bbox 1093 542 1230 588; x_wconf 83' lang='lat' dir='ltr'><strong>Hanc</strong></span> <span class='ocrx_word' id='word_1_47' title='bbox 1255 544 1350 601; x_wconf 76' lang='lat' dir='ltr'><strong>ejus</strong></span> <span class='ocrx_word' id='word_1_48' title='bbox 1379 543 1641 591; x_wconf 79' lang='lat' dir='ltr'><strong>inventores</strong></span> <span class='ocrx_word' id='word_1_49' title='bbox 1670 560 1742 591; x_wconf 59' lang='lat' dir='ltr'><strong>rev</strong></span> 
     </span>
     <span class='ocr_line' id='line_1_7' title="bbox 141 607 1739 671; baseline -0.003 -11"><span class='ocrx_word' id='word_1_50' title='bbox 141 609 377 660; x_wconf 84' lang='lat' dir='ltr'><strong>conditam</strong></span> <span class='ocrx_word' id='word_1_51' title='bbox 396 623 540 656; x_wconf 86' lang='lat' dir='ltr'><strong>artem</strong></span> <span class='ocrx_word' id='word_1_52' title='bbox 562 608 811 671; x_wconf 78' lang='lat' dir='ltr'><strong>praedicant</strong></span> <span class='ocrx_word' id='word_1_53' title='bbox 826 642 841 668; x_wconf 80' lang='lat'>‚</span> <span class='ocrx_word' id='word_1_54' title='bbox 873 624 976 670; x_wconf 82' lang='lat' dir='ltr'><strong>quae</strong></span> <span class='ocrx_word' id='word_1_55' title='bbox 1000 607 1045 653; x_wconf 87' lang='lat' dir='ltr'><strong>id</strong></span> <span class='ocrx_word' id='word_1_56' title='bbox 1073 607 1330 670; x_wconf 74' lang='lat' dir='ltr'><strong>praestaret,</strong></span> <span class='ocrx_word' id='word_1_57' title='bbox 1361 620 1415 653; x_wconf 91' lang='lat' dir='ltr'><strong>ut</strong></span> <span class='ocrx_word' id='word_1_58' title='bbox 1438 608 1579 653; x_wconf 89' lang='lat' dir='ltr'><strong>homo</strong></span> <span class='ocrx_word' id='word_1_59' title='bbox 1603 611 1739 655; x_wconf 77' lang='lat' dir='ltr'><strong>mini-</strong></span> 
     </span>
     <span class='ocr_line' id='line_1_8' title="bbox 100 671 1739 739; baseline -0.002 -16"><span class='ocrx_word' id='word_1_60' title='bbox 100 677 115 691; x_wconf 84' lang='grc'><strong>“</strong></span> <span class='ocrx_word' id='word_1_61' title='bbox 142 691 221 723; x_wconf 88' lang='lat' dir='ltr'><strong>mo</strong></span> <span class='ocrx_word' id='word_1_62' title='bbox 244 676 432 739; x_wconf 88' lang='lat' dir='ltr'><strong>negotio</strong></span> <span class='ocrx_word' id='word_1_63' title='bbox 454 672 724 738; x_wconf 80' lang='lat' dir='ltr'><strong>perdisceret</strong></span> <span class='ocrx_word' id='word_1_64' title='bbox 743 688 900 719; x_wconf 87' lang='lat' dir='ltr'><strong>omnes</strong></span> <span class='ocrx_word' id='word_1_65' title='bbox 920 687 1038 719; x_wconf 78' lang='lat' dir='ltr'><strong>artes</strong></span> <span class='ocrx_word' id='word_1_66' title='bbox 1051 671 1346 720; x_wconf 82' lang='lat' dir='ltr'><strong>Liberales&amp;</strong></span> <span class='ocrx_word' id='word_1_67' title='bbox 1361 672 1594 718; x_wconf 73' lang='lat' dir='ltr'><strong>scientias.</strong></span> <span class='ocrx_word' id='word_1_68' title='bbox 1629 674 1739 719; x_wconf 81' lang='lat' dir='ltr'><strong>Pin-</strong></span> 
     </span>
     <span class='ocr_line' id='line_1_9' title="bbox 142 736 1740 803; baseline -0.003 -15"><span class='ocrx_word' id='word_1_69' title='bbox 142 754 308 788; x_wconf 79' lang='lat' dir='ltr'><strong>xerunt</strong></span> <span class='ocrx_word' id='word_1_70' title='bbox 327 742 459 803; x_wconf 85' lang='lat' dir='ltr'><strong>proin</strong></span> <span class='ocrx_word' id='word_1_71' title='bbox 485 736 922 784; x_wconf 69' lang='lat' dir='ltr'><strong>multifiuiasnotas:</strong></span> <span class='ocrx_word' id='word_1_72' title='bbox 957 738 1218 784; x_wconf 81' lang='lat' dir='ltr'><strong>animalium</strong></span> <span class='ocrx_word' id='word_1_73' title='bbox 1241 737 1435 795; x_wconf 82' lang='lat' dir='ltr'><strong>formas,</strong></span> <span class='ocrx_word' id='word_1_74' title='bbox 1470 736 1740 790; x_wconf 77' lang='lat' dir='ltr'><strong>draconum,</strong></span> 
     </span>
     <span class='ocr_line' id='line_1_10' title="bbox 139 801 1739 866; baseline -0.001 -16"><span class='ocrx_word' id='word_1_75' title='bbox 139 804 356 852; x_wconf 89' lang='lat' dir='ltr'><strong>Leonum</strong></span> <span class='ocrx_word' id='word_1_76' title='bbox 379 835 397 862; x_wconf 80' lang='lat'>,</span> <span class='ocrx_word' id='word_1_77' title='bbox 435 803 707 864; x_wconf 84' lang='lat' dir='ltr'><strong>Serpentum</strong></span> <span class='ocrx_word' id='word_1_78' title='bbox 744 803 1024 866; x_wconf 76' lang='lat' dir='ltr'><strong>aliorumque</strong></span> <span class='ocrx_word' id='word_1_79' title='bbox 1045 838 1061 862; x_wconf 81' lang='lat'><strong>‚</strong></span> <span class='ocrx_word' id='word_1_80' title='bbox 1094 819 1244 850; x_wconf 88' lang='lat' dir='ltr'><strong>rerum</strong></span> <span class='ocrx_word' id='word_1_81' title='bbox 1266 801 1465 849; x_wconf 76' lang='lat' dir='ltr'><strong>sensibus</strong></span> <span class='ocrx_word' id='word_1_82' title='bbox 1485 804 1739 849; x_wconf 83' lang='lat' dir='ltr'><strong>carentium</strong></span> 
     </span>
     <span class='ocr_line' id='line_1_11' title="bbox 140 866 1741 933; baseline 0.001 -18"><span class='ocrx_word' id='word_1_83' title='bbox 140 868 310 933; x_wconf 86' lang='lat' dir='ltr'><strong>figuras</strong></span> <span class='ocrx_word' id='word_1_84' title='bbox 332 903 348 929; x_wconf 77' lang='lat'>‚</span> <span class='ocrx_word' id='word_1_85' title='bbox 382 866 594 914; x_wconf 86' lang='lat' dir='ltr'><strong>arborum</strong></span> <span class='ocrx_word' id='word_1_86' title='bbox 615 901 632 926; x_wconf 80' lang='lat'>‚</span> <span class='ocrx_word' id='word_1_87' title='bbox 678 870 891 931; x_wconf 89' lang='lat' dir='ltr'><strong>pontium</strong></span> <span class='ocrx_word' id='word_1_88' title='bbox 928 868 1144 915; x_wconf 79' lang='lat' dir='ltr'><strong>scalarum</strong></span> <span class='ocrx_word' id='word_1_89' title='bbox 1180 868 1228 915; x_wconf 66' lang='grc' dir='ltr'><strong>ὅ(</strong></span> <span class='ocrx_word' id='word_1_90' title='bbox 1262 867 1475 914; x_wconf 79' lang='lat' dir='ltr'><strong>fimilium</strong></span> <span class='ocrx_word' id='word_1_91' title='bbox 1500 901 1516 925; x_wconf 85' lang='lat'>,</span> <span class='ocrx_word' id='word_1_92' title='bbox 1550 883 1741 930; x_wconf 85' lang='lat' dir='ltr'><strong>quarum</strong></span> 
     </span>
     <span class='ocr_line' id='line_1_12' title="bbox 141 933 1739 998; baseline -0.001 -17"><span class='ocrx_word' id='word_1_93' title='bbox 141 933 388 981; x_wconf 86' lang='lat' dir='ltr'><strong>obscuritas</strong></span> <span class='ocrx_word' id='word_1_94' title='bbox 409 934 562 980; x_wconf 83' lang='lat' dir='ltr'><strong>animo</strong></span> <span class='ocrx_word' id='word_1_95' title='bbox 583 934 865 998; x_wconf 78' lang='lat' dir='ltr'><strong>cognitionis</strong></span> <span class='ocrx_word' id='word_1_96' title='bbox 886 934 1041 981; x_wconf 86' lang='lat' dir='ltr'><strong>lumen</strong></span> <span class='ocrx_word' id='word_1_97' title='bbox 1065 946 1257 998; x_wconf 82' lang='lat' dir='ltr'><strong>pareret.</strong></span> <span class='ocrx_word' id='word_1_98' title='bbox 1299 933 1355 981; x_wconf 87' lang='lat' dir='ltr'><strong>In</strong></span> <span class='ocrx_word' id='word_1_99' title='bbox 1380 933 1465 979; x_wconf 83' lang='lat' dir='ltr'><strong>hac</strong></span> <span class='ocrx_word' id='word_1_100' title='bbox 1487 945 1582 979; x_wconf 81' lang='lat' dir='ltr'><strong>arte</strong></span> <span class='ocrx_word' id='word_1_101' title='bbox 1608 950 1739 980; x_wconf 78' lang='lat' dir='ltr'><strong>exer-</strong></span> 
     </span>
     <span class='ocr_line' id='line_1_13' title="bbox 139 997 1739 1063; baseline -0.001 -17"><span class='ocrx_word' id='word_1_102' title='bbox 139 1000 268 1047; x_wconf 81' lang='lat' dir='ltr'><strong>citati</strong></span> <span class='ocrx_word' id='word_1_103' title='bbox 300 998 485 1046; x_wconf 80' lang='lat' dir='ltr'><strong>fuemnt</strong></span> <span class='ocrx_word' id='word_1_104' title='bbox 512 998 696 1061; x_wconf 82' lang='lat' dir='ltr'><strong>quidam</strong></span> <span class='ocrx_word' id='word_1_105' title='bbox 722 999 882 1063; x_wconf 79' lang='lat' dir='ltr'><strong>populi</strong></span> <span class='ocrx_word' id='word_1_106' title='bbox 908 1018 918 1046; x_wconf 93' lang='lat'>:</span> <span class='ocrx_word' id='word_1_107' title='bbox 954 1016 1060 1047; x_wconf 85' lang='lat' dir='ltr'><strong>nam</strong></span> <span class='ocrx_word' id='word_1_108' title='bbox 1103 998 1157 1045; x_wconf 92' lang='lat' dir='ltr'>N</span> <span class='ocrx_word' id='word_1_109' title='bbox 1171 1015 1200 1044; x_wconf 94' lang='lat' dir='ltr'><strong>o</strong></span> <span class='ocrx_word' id='word_1_110' title='bbox 1213 1014 1247 1044; x_wconf 83' lang='lat' dir='ltr'>T</span> <span class='ocrx_word' id='word_1_111' title='bbox 1260 1014 1309 1045; x_wconf 65' lang='grc' dir='ltr'><strong>ΑΞ,</strong></span> <span class='ocrx_word' id='word_1_112' title='bbox 1353 997 1436 1044; x_wconf 86' lang='lat' dir='ltr'><strong>H1</strong></span> <span class='ocrx_word' id='word_1_113' title='bbox 1450 1015 1479 1044; x_wconf 83' lang='lat' dir='ltr'>E</span> <span class='ocrx_word' id='word_1_114' title='bbox 1495 1013 1528 1043; x_wconf 85' lang='lat' dir='ltr'>R</span> <span class='ocrx_word' id='word_1_115' title='bbox 1545 1014 1573 1044; x_wconf 89' lang='lat' dir='ltr'><strong>o</strong></span> <span class='ocrx_word' id='word_1_116' title='bbox 1588 1014 1619 1044; x_wconf 86' lang='lat' dir='ltr'>G</span> <span class='ocrx_word' id='word_1_117' title='bbox 1635 1016 1666 1045; x_wconf 87' lang='lat' dir='ltr'>L</span> <span class='ocrx_word' id='word_1_118' title='bbox 1680 1015 1739 1045; x_wconf 79' lang='lat' dir='ltr'><strong>Y-</strong></span> 
     </span>
     <span class='ocr_line' id='line_1_14' title="bbox 139 1062 1737 1128; baseline -0.001 -16"><span class='ocrx_word' id='word_1_119' title='bbox 139 1079 250 1112; x_wconf 62' lang='lat'>12111</span> <span class='ocrx_word' id='word_1_120' title='bbox 267 1081 296 1111; x_wconf 89' lang='lat' dir='ltr'>c</span> <span class='ocrx_word' id='word_1_121' title='bbox 311 1081 359 1111; x_wconf 77' lang='lat' dir='ltr'>AE</span> <span class='ocrx_word' id='word_1_122' title='bbox 389 1077 469 1111; x_wconf 80' lang='lat' dir='ltr'><strong>aut</strong></span> <span class='ocrx_word' id='word_1_123' title='bbox 500 1062 528 1109; x_wconf 70' lang='grc' dir='ltr'>ὲ</span> <span class='ocrx_word' id='word_1_124' title='bbox 551 1063 844 1111; x_wconf 84' lang='lat' dir='ltr'><strong>Phaenicibus</strong></span> <span class='ocrx_word' id='word_1_125' title='bbox 872 1065 947 1111; x_wconf 79' lang='lat' dir='ltr'><strong>vel</strong></span> <span class='ocrx_word' id='word_1_126' title='bbox 969 1064 1206 1128; x_wconf 85' lang='lat' dir='ltr'><strong>AEgyptiis</strong></span> <span class='ocrx_word' id='word_1_127' title='bbox 1230 1064 1507 1127; x_wconf 82' lang='lat' dir='ltr'><strong>excogitatae</strong></span> <span class='ocrx_word' id='word_1_128' title='bbox 1542 1063 1644 1111; x_wconf 86' lang='lat' dir='ltr'><strong>sunt</strong></span> <span class='ocrx_word' id='word_1_129' title='bbox 1677 1063 1737 1111; x_wconf 82' lang='lat' dir='ltr'><strong>ad</strong></span> 
     </span>
     <span class='ocr_line' id='line_1_15' title="bbox 137 1127 1734 1193; baseline 0 -17"><span class='ocrx_word' id='word_1_130' title='bbox 137 1130 325 1176; x_wconf 84' lang='lat' dir='ltr'><strong>celanda</strong></span> <span class='ocrx_word' id='word_1_131' title='bbox 352 1129 428 1175; x_wconf 85' lang='lat' dir='ltr'><strong>sua</strong></span> <span class='ocrx_word' id='word_1_132' title='bbox 452 1127 662 1191; x_wconf 81' lang='lat' dir='ltr'><strong>mysteria</strong></span> <span class='ocrx_word' id='word_1_133' title='bbox 684 1162 700 1187; x_wconf 82' lang='lat'>‚</span> <span class='ocrx_word' id='word_1_134' title='bbox 735 1145 792 1176; x_wconf 88' lang='lat' dir='ltr'><strong>ne</strong></span> <span class='ocrx_word' id='word_1_135' title='bbox 814 1130 978 1193; x_wconf 78' lang='lat' dir='ltr'><strong>vulgus</strong></span> <span class='ocrx_word' id='word_1_136' title='bbox 1011 1131 1074 1178; x_wconf 87' lang='lat' dir='ltr'><strong>ita</strong></span> <span class='ocrx_word' id='word_1_137' title='bbox 1104 1127 1236 1175; x_wconf 82' lang='lat' dir='ltr'><strong>facile</strong></span> <span class='ocrx_word' id='word_1_138' title='bbox 1269 1129 1316 1174; x_wconf 83' lang='lat' dir='ltr'><strong>in</strong></span> <span class='ocrx_word' id='word_1_139' title='bbox 1342 1127 1477 1192; x_wconf 85' lang='lat' dir='ltr'><strong>adyta</strong></span> <span class='ocrx_word' id='word_1_140' title='bbox 1501 1127 1734 1176; x_wconf 75' lang='lat' dir='ltr'><strong>Sacrarum</strong></span> 
     </span>
     <span class='ocr_line' id='line_1_16' title="bbox 136 1194 689 1256; baseline -0.004 -14"><span class='ocrx_word' id='word_1_141' title='bbox 136 1194 438 1242; x_wconf 88' lang='lat' dir='ltr'><strong>Scientiarum</strong></span> <span class='ocrx_word' id='word_1_142' title='bbox 458 1194 689 1256; x_wconf 86' lang='lat' dir='ltr'><strong>irreperet.</strong></span> 
     </span>
    </p>

    <p class='ocr_par' dir='ltr' id='par_1_3' title="bbox 137 1256 1738 1583">
     <span class='ocr_line' id='line_1_17' title="bbox 201 1256 1733 1325; baseline 0.001 -20"><span class='ocrx_word' id='word_1_143' title='bbox 201 1268 238 1317; x_wconf 88' lang='lat'><strong>§.</strong></span> <span class='ocrx_word' id='word_1_144' title='bbox 254 1259 341 1308; x_wconf 93' lang='lat' dir='ltr'><strong>IV.</strong></span> <span class='ocrx_word' id='word_1_145' title='bbox 375 1260 534 1324; x_wconf 77' lang='lat' dir='ltr'><strong>Qiam</strong></span> <span class='ocrx_word' id='word_1_146' title='bbox 556 1256 618 1305; x_wconf 93' lang='lat' dir='ltr'><strong>ob</strong></span> <span class='ocrx_word' id='word_1_147' title='bbox 641 1275 739 1306; x_wconf 91' lang='lat' dir='ltr'><strong>rem</strong></span> <span class='ocrx_word' id='word_1_148' title='bbox 762 1257 951 1321; x_wconf 70' lang='lat' dir='ltr'><strong>&amp;Perfie</strong></span> <span class='ocrx_word' id='word_1_149' title='bbox 966 1259 1161 1325; x_wconf 80' lang='lat' dir='ltr'><strong>Magos,</strong></span> <span class='ocrx_word' id='word_1_150' title='bbox 1197 1258 1733 1324; x_wconf 75' lang='lat' dir='ltr'><strong>IndiGymnosophistas,</strong></span> 
     </span>
     <span class='ocr_line' id='line_1_18' title="bbox 138 1322 1738 1390; baseline 0.001 -19"><span class='ocrx_word' id='word_1_151' title='bbox 138 1327 259 1371; x_wconf 74' lang='lat' dir='ltr'><strong>Celta</strong></span> <span class='ocrx_word' id='word_1_152' title='bbox 281 1324 478 1373; x_wconf 81' lang='lat' dir='ltr'><strong>Druidas</strong></span> <span class='ocrx_word' id='word_1_153' title='bbox 504 1322 760 1372; x_wconf 81' lang='lat' dir='ltr'><strong>habuerunt</strong></span> <span class='ocrx_word' id='word_1_154' title='bbox 783 1324 1098 1390; x_wconf 88' lang='lat' dir='ltr'><strong>mysteriorum</strong></span> <span class='ocrx_word' id='word_1_155' title='bbox 1120 1326 1300 1373; x_wconf 87' lang='lat' dir='ltr'><strong>suorum</strong></span> <span class='ocrx_word' id='word_1_156' title='bbox 1325 1327 1619 1389; x_wconf 81' lang='lat' dir='ltr'><strong>interpretes,</strong></span> <span class='ocrx_word' id='word_1_157' title='bbox 1635 1342 1738 1388; x_wconf 76' lang='lat' dir='ltr'><strong>quae</strong></span> 
     </span>
     <span class='ocr_line' id='line_1_19' title="bbox 137 1388 1737 1454; baseline 0.001 -18"><span class='ocrx_word' id='word_1_158' title='bbox 137 1388 264 1452; x_wconf 88' lang='lat' dir='ltr'><strong>plebi</strong></span> <span class='ocrx_word' id='word_1_159' title='bbox 287 1389 517 1453; x_wconf 82' lang='lat' dir='ltr'><strong>proposita</strong></span> <span class='ocrx_word' id='word_1_160' title='bbox 539 1389 626 1437; x_wconf 85' lang='lat' dir='ltr'><strong>effe</strong></span> <span class='ocrx_word' id='word_1_161' title='bbox 650 1388 894 1450; x_wconf 83' lang='lat' dir='ltr'><strong>volebant,</strong></span> <span class='ocrx_word' id='word_1_162' title='bbox 919 1391 1033 1438; x_wconf 83' lang='lat' dir='ltr'><strong>ficut</strong></span> <span class='ocrx_word' id='word_1_163' title='bbox 1052 1392 1102 1439; x_wconf 69' lang='grc' dir='ltr'><strong>δε</strong></span> <span class='ocrx_word' id='word_1_164' title='bbox 1124 1389 1436 1439; x_wconf 77' lang='lat' dir='ltr'><strong>Hebraeorum</strong></span> <span class='ocrx_word' id='word_1_165' title='bbox 1458 1391 1609 1454; x_wconf 87' lang='lat' dir='ltr'><strong>legem</strong></span> <span class='ocrx_word' id='word_1_166' title='bbox 1630 1390 1737 1438; x_wconf 75' lang='lat' dir='ltr'><strong>fuis-</strong></span> 
     </span>
     <span class='ocr_line' id='line_1_20' title="bbox 139 1453 1738 1519; baseline 0.001 -19"><span class='ocrx_word' id='word_1_167' title='bbox 139 1454 183 1501; x_wconf 82' lang='lat' dir='ltr'><strong>se</strong></span> <span class='ocrx_word' id='word_1_168' title='bbox 219 1453 371 1503; x_wconf 88' lang='lat' dir='ltr'><strong>scribit</strong></span> <span class='ocrx_word' id='word_1_169' title='bbox 398 1459 569 1519; x_wconf 81' lang='lat' dir='ltr'><strong>Gregor.</strong></span> <span class='ocrx_word' id='word_1_170' title='bbox 596 1459 884 1504; x_wconf 63' lang='lat' dir='ltr'><strong>Nazianzen.</strong></span> <span class='ocrx_word' id='word_1_171' title='bbox 908 1459 1082 1519; x_wconf 85' lang='lat' dir='ltr'><strong>Apolog.</strong></span> <span class='ocrx_word' id='word_1_172' title='bbox 1096 1459 1211 1519; x_wconf 62' lang='lat' dir='ltr'><strong>fuga</strong></span> <span class='ocrx_word' id='word_1_173' title='bbox 1234 1456 1317 1514; x_wconf 81' lang='lat' dir='ltr'><strong>fuae</strong></span> <span class='ocrx_word' id='word_1_174' title='bbox 1341 1490 1358 1514; x_wconf 78' lang='lat'>‚</span> <span class='ocrx_word' id='word_1_175' title='bbox 1392 1472 1480 1518; x_wconf 86' lang='lat' dir='ltr'><strong>qua</strong></span> <span class='ocrx_word' id='word_1_176' title='bbox 1510 1455 1649 1504; x_wconf 83' lang='lat' dir='ltr'><strong>libros</strong></span> <span class='ocrx_word' id='word_1_177' title='bbox 1674 1456 1738 1501; x_wconf 56' lang='lat' dir='ltr'><strong>isa&lt;</strong></span> 
     </span>
     <span class='ocr_line' id='line_1_21' title="bbox 137 1518 1737 1583; baseline 0 -16"><span class='ocrx_word' id='word_1_178' title='bbox 137 1535 238 1567; x_wconf 79' lang='lat' dir='ltr'><strong>cros</strong></span> <span class='ocrx_word' id='word_1_179' title='bbox 280 1520 423 1582; x_wconf 82' lang='lat' dir='ltr'><strong>vulgo</strong></span> <span class='ocrx_word' id='word_1_180' title='bbox 469 1521 796 1565; x_wconf 79' lang='lat' dir='ltr'><strong>communicari</strong></span> <span class='ocrx_word' id='word_1_181' title='bbox 829 1518 1060 1564; x_wconf 85' lang='lat' dir='ltr'><strong>vetebant.</strong></span> <span class='ocrx_word' id='word_1_182' title='bbox 1129 1519 1233 1565; x_wconf 73' lang='lat' dir='ltr'><strong>Imo</strong></span> <span class='ocrx_word' id='word_1_183' title='bbox 1268 1520 1473 1564; x_wconf 80' lang='lat' dir='ltr'><strong>Romani</strong></span> <span class='ocrx_word' id='word_1_184' title='bbox 1504 1519 1638 1583; x_wconf 71' lang='lat' dir='ltr'><strong>hujus</strong></span> <span class='ocrx_word' id='word_1_185' title='bbox 1671 1522 1737 1567; x_wconf 84' lang='lat' dir='ltr'><strong>rei</strong></span> 
     </span>
    </p>

    <p class='ocr_par' dir='ltr' id='par_1_4' title="bbox 130 1580 1741 2561">
     <span class='ocr_line' id='line_1_22' title="bbox 221 1580 1738 1645; baseline 0 -14"><span class='ocrx_word' id='word_1_186' title='bbox 221 1586 283 1632; x_wconf 84' lang='lat' dir='ltr'><strong>tia</strong></span> <span class='ocrx_word' id='word_1_187' title='bbox 317 1584 369 1630; x_wconf 94' lang='lat' dir='ltr'>N</span> <span class='ocrx_word' id='word_1_188' title='bbox 387 1602 415 1630; x_wconf 96' lang='lat' dir='ltr'><strong>o</strong></span> <span class='ocrx_word' id='word_1_189' title='bbox 431 1601 462 1628; x_wconf 76' lang='grc' dir='ltr'>τ</span> <span class='ocrx_word' id='word_1_190' title='bbox 479 1599 510 1629; x_wconf 76' lang='grc' dir='ltr'><strong>Α</strong></span> <span class='ocrx_word' id='word_1_191' title='bbox 526 1598 560 1627; x_wconf 82' lang='lat' dir='ltr'>R</span> <span class='ocrx_word' id='word_1_192' title='bbox 575 1597 590 1625; x_wconf 93' lang='lat'>1</span> <span class='ocrx_word' id='word_1_193' title='bbox 606 1599 634 1626; x_wconf 94' lang='lat' dir='ltr'><strong>o</strong></span> <span class='ocrx_word' id='word_1_194' title='bbox 651 1599 671 1627; x_wconf 89' lang='lat' dir='ltr'><strong>s</strong></span> <span class='ocrx_word' id='word_1_195' title='bbox 706 1580 985 1627; x_wconf 84' lang='lat' dir='ltr'><strong>adhibebant</strong></span> <span class='ocrx_word' id='word_1_196' title='bbox 1010 1614 1026 1639; x_wconf 86' lang='lat'>,</span> <span class='ocrx_word' id='word_1_197' title='bbox 1068 1595 1226 1629; x_wconf 86' lang='lat' dir='ltr'><strong>autore</strong></span> <span class='ocrx_word' id='word_1_198' title='bbox 1248 1582 1388 1626; x_wconf 69' lang='lat' dir='ltr'><strong>saida</strong></span> <span class='ocrx_word' id='word_1_199' title='bbox 1412 1616 1430 1642; x_wconf 89' lang='lat'>‚</span> <span class='ocrx_word' id='word_1_200' title='bbox 1466 1597 1578 1645; x_wconf 89' lang='lat' dir='ltr'><strong>quos</strong></span> <span class='ocrx_word' id='word_1_201' title='bbox 1617 1584 1738 1631; x_wconf 83' lang='lat' dir='ltr'><strong>Seri-</strong></span> 
     </span>
     <span class='ocr_line' id='line_1_23' title="bbox 170 1645 1739 1707; baseline 0.001 -11"><span class='ocrx_word' id='word_1_202' title='bbox 170 1665 216 1696; x_wconf 87' lang='lat' dir='ltr'><strong>as</strong></span> <span class='ocrx_word' id='word_1_203' title='bbox 248 1647 274 1695; x_wconf 67' lang='lat' dir='ltr'><strong>a</strong></span> <span class='ocrx_word' id='word_1_204' title='bbox 300 1647 496 1694; x_wconf 80' lang='lat' dir='ltr'><strong>Secretis</strong></span> <span class='ocrx_word' id='word_1_205' title='bbox 525 1657 722 1705; x_wconf 83' lang='lat' dir='ltr'><strong>vocant,</strong></span> <span class='ocrx_word' id='word_1_206' title='bbox 755 1646 832 1707; x_wconf 81' lang='lat' dir='ltr'><strong>qui</strong></span> <span class='ocrx_word' id='word_1_207' title='bbox 864 1657 1078 1693; x_wconf 81' lang='lat' dir='ltr'><strong>notarent</strong></span> <span class='ocrx_word' id='word_1_208' title='bbox 1108 1662 1204 1701; x_wconf 88' lang='lat' dir='ltr'><strong>res,</strong></span> <span class='ocrx_word' id='word_1_209' title='bbox 1231 1645 1308 1693; x_wconf 92' lang='lat' dir='ltr'><strong>seu</strong></span> <span class='ocrx_word' id='word_1_210' title='bbox 1342 1649 1462 1692; x_wconf 86' lang='lat' dir='ltr'><strong>notis</strong></span> <span class='ocrx_word' id='word_1_211' title='bbox 1498 1648 1571 1695; x_wconf 86' lang='lat' dir='ltr'><strong>vel</strong></span> <span class='ocrx_word' id='word_1_212' title='bbox 1601 1649 1739 1699; x_wconf 83' lang='lat' dir='ltr'><strong>Zifris</strong></span> 
     </span>
     <span class='ocr_line' id='line_1_24' title="bbox 136 1710 1741 1774; baseline 0 -14"><span class='ocrx_word' id='word_1_213' title='bbox 136 1713 383 1761; x_wconf 87' lang='lat' dir='ltr'><strong>seriberent</strong></span> <span class='ocrx_word' id='word_1_214' title='bbox 405 1745 421 1770; x_wconf 81' lang='lat'>‚</span> <span class='ocrx_word' id='word_1_215' title='bbox 454 1726 561 1774; x_wconf 85' lang='lat' dir='ltr'><strong>quas</strong></span> <span class='ocrx_word' id='word_1_216' title='bbox 585 1726 680 1756; x_wconf 89' lang='lat' dir='ltr'><strong>non</strong></span> <span class='ocrx_word' id='word_1_217' title='bbox 715 1711 872 1757; x_wconf 89' lang='lat' dir='ltr'><strong>liceret</strong></span> <span class='ocrx_word' id='word_1_218' title='bbox 898 1710 1148 1773; x_wconf 84' lang='lat' dir='ltr'><strong>propalare.</strong></span> <span class='ocrx_word' id='word_1_219' title='bbox 1215 1711 1280 1758; x_wconf 80' lang='lat' dir='ltr'><strong>Et</strong></span> <span class='ocrx_word' id='word_1_220' title='bbox 1298 1710 1557 1757; x_wconf 81' lang='lat' dir='ltr'><strong>Trithemius</strong></span> <span class='ocrx_word' id='word_1_221' title='bbox 1582 1712 1741 1763; x_wconf 66' lang='lat' dir='ltr'><strong>Abbas</strong></span> 
     </span>
     <span class='ocr_line' id='line_1_25' title="bbox 140 1774 1737 1840; baseline 0.002 -16"><span class='ocrx_word' id='word_1_222' title='bbox 140 1779 277 1825; x_wconf 77' lang='lat' dir='ltr'><strong>tradit</strong></span> <span class='ocrx_word' id='word_1_223' title='bbox 297 1811 313 1837; x_wconf 77' lang='grc'>,</span> <span class='ocrx_word' id='word_1_224' title='bbox 349 1778 558 1821; x_wconf 65' lang='lat' dir='ltr'><strong>Ciceronis</strong></span> <span class='ocrx_word' id='word_1_225' title='bbox 577 1774 793 1822; x_wconf 77' lang='lat' dir='ltr'><strong>Lexicon</strong></span> <span class='ocrx_word' id='word_1_226' title='bbox 817 1774 875 1822; x_wconf 90' lang='lat' dir='ltr'><strong>de</strong></span> <span class='ocrx_word' id='word_1_227' title='bbox 908 1776 962 1822; x_wconf 93' lang='lat' dir='ltr'>N</span> <span class='ocrx_word' id='word_1_228' title='bbox 977 1792 1050 1822; x_wconf 74' lang='lat' dir='ltr'><strong>o&#39;r</strong></span> <span class='ocrx_word' id='word_1_229' title='bbox 1064 1793 1080 1824; x_wconf 93' lang='lat'>1</span> <span class='ocrx_word' id='word_1_230' title='bbox 1096 1793 1115 1822; x_wconf 85' lang='lat' dir='ltr'><strong>s</strong></span> <span class='ocrx_word' id='word_1_231' title='bbox 1153 1775 1179 1823; x_wconf 69' lang='lat' dir='ltr'><strong>a</strong></span> <span class='ocrx_word' id='word_1_232' title='bbox 1201 1779 1404 1840; x_wconf 76' lang='lat' dir='ltr'><strong>Cypriane</strong></span> <span class='ocrx_word' id='word_1_233' title='bbox 1429 1774 1616 1824; x_wconf 59' lang='lat' dir='ltr'><strong>anetum</strong></span> <span class='ocrx_word' id='word_1_234' title='bbox 1633 1813 1649 1839; x_wconf 85' lang='lat'>‚</span> <span class='ocrx_word' id='word_1_235' title='bbox 1683 1794 1737 1829; x_wconf 89' lang='lat' dir='ltr'><strong>ut</strong></span> 
     </span>
     <span class='ocr_line' id='line_1_26' title="bbox 139 1839 1737 1905; baseline 0.002 -15"><span class='ocrx_word' id='word_1_236' title='bbox 139 1841 465 1896; x_wconf 81' lang='lat' dir='ltr'><strong>Ecclefiasticis</strong></span> <span class='ocrx_word' id='word_1_237' title='bbox 485 1841 618 1905; x_wconf 83' lang='lat' dir='ltr'><strong>juxta</strong></span> <span class='ocrx_word' id='word_1_238' title='bbox 642 1839 870 1904; x_wconf 87' lang='lat' dir='ltr'><strong>prodeffet</strong></span> <span class='ocrx_word' id='word_1_239' title='bbox 907 1852 1044 1904; x_wconf 85' lang='lat' dir='ltr'><strong>atque</strong></span> <span class='ocrx_word' id='word_1_240' title='bbox 1075 1841 1275 1905; x_wconf 83' lang='lat' dir='ltr'><strong>profanis</strong></span> <span class='ocrx_word' id='word_1_241' title='bbox 1307 1842 1364 1889; x_wconf 86' lang='lat' dir='ltr'><strong>ad</strong></span> <span class='ocrx_word' id='word_1_242' title='bbox 1397 1858 1556 1890; x_wconf 84' lang='lat' dir='ltr'><strong>arcana</strong></span> <span class='ocrx_word' id='word_1_243' title='bbox 1587 1845 1737 1893; x_wconf 82' lang='lat' dir='ltr'><strong>celan-</strong></span> 
     </span>
     <span class='ocr_line' id='line_1_27' title="bbox 137 1903 1736 1972; baseline -0.001 -17"><span class='ocrx_word' id='word_1_244' title='bbox 137 1908 210 1955; x_wconf 85' lang='lat' dir='ltr'><strong>da.</strong></span> <span class='ocrx_word' id='word_1_245' title='bbox 271 1908 342 1955; x_wconf 84' lang='lat' dir='ltr'><strong>Ita</strong></span> <span class='ocrx_word' id='word_1_246' title='bbox 374 1908 509 1954; x_wconf 86' lang='lat' dir='ltr'><strong>etiam</strong></span> <span class='ocrx_word' id='word_1_247' title='bbox 535 1903 784 1972; x_wconf 63' lang='lat' dir='ltr'><strong>Jurisperiti</strong></span> <span class='ocrx_word' id='word_1_248' title='bbox 810 1905 867 1953; x_wconf 89' lang='lat' dir='ltr'><strong>ad</strong></span> <span class='ocrx_word' id='word_1_249' title='bbox 900 1906 1124 1970; x_wconf 86' lang='lat' dir='ltr'><strong>tegendos</strong></span> <span class='ocrx_word' id='word_1_250' title='bbox 1161 1906 1278 1954; x_wconf 82' lang='lat' dir='ltr'><strong>astus</strong></span> <span class='ocrx_word' id='word_1_251' title='bbox 1311 1906 1409 1955; x_wconf 87' lang='lat' dir='ltr'><strong>suos</strong></span> <span class='ocrx_word' id='word_1_252' title='bbox 1431 1944 1441 1961; x_wconf 89' lang='lat'>‚</span> <span class='ocrx_word' id='word_1_253' title='bbox 1486 1909 1635 1971; x_wconf 85' lang='lat' dir='ltr'><strong>inquit</strong></span> <span class='ocrx_word' id='word_1_254' title='bbox 1662 1913 1736 1953; x_wconf 86' lang='lat' dir='ltr'><strong>Ci-</strong></span> 
     </span>
     <span class='ocr_line' id='line_1_28' title="bbox 136 1970 1736 2038; baseline 0.003 -21"><span class='ocrx_word' id='word_1_255' title='bbox 136 1991 232 2018; x_wconf 83' lang='lat' dir='ltr'><strong>cero</strong></span> <span class='ocrx_word' id='word_1_256' title='bbox 247 1987 323 2035; x_wconf 88' lang='lat' dir='ltr'><strong>pro</strong></span> <span class='ocrx_word' id='word_1_257' title='bbox 348 1976 581 2030; x_wconf 64' lang='lat' dir='ltr'><strong>Muraena,</strong></span> <span class='ocrx_word' id='word_1_258' title='bbox 615 1972 709 2019; x_wconf 94' lang='lat' dir='ltr'><strong>No</strong></span> <span class='ocrx_word' id='word_1_259' title='bbox 726 1989 758 2018; x_wconf 71' lang='lat' dir='ltr'><strong>&#39;r</strong></span> <span class='ocrx_word' id='word_1_260' title='bbox 773 1987 805 2018; x_wconf 88' lang='lat' dir='ltr'><strong>A</strong></span> <span class='ocrx_word' id='word_1_261' title='bbox 823 1988 842 2019; x_wconf 90' lang='lat' dir='ltr'><strong>s</strong></span> <span class='ocrx_word' id='word_1_262' title='bbox 876 1972 1177 2033; x_wconf 79' lang='lat' dir='ltr'><strong>invenerunt,</strong></span> <span class='ocrx_word' id='word_1_263' title='bbox 1213 1988 1270 2019; x_wconf 91' lang='lat' dir='ltr'><strong>ne</strong></span> <span class='ocrx_word' id='word_1_264' title='bbox 1295 1970 1423 2035; x_wconf 85' lang='lat' dir='ltr'><strong>plebs</strong></span> <span class='ocrx_word' id='word_1_265' title='bbox 1445 1971 1603 2033; x_wconf 82' lang='lat' dir='ltr'><strong>sciret,</strong></span> <span class='ocrx_word' id='word_1_266' title='bbox 1636 1976 1736 2038; x_wconf 77' lang='lat' dir='ltr'><strong>qui-</strong></span> 
     </span>
     <span class='ocr_line' id='line_1_29' title="bbox 134 2035 1738 2103; baseline 0.001 -17"><span class='ocrx_word' id='word_1_267' title='bbox 134 2037 218 2086; x_wconf 90' lang='lat' dir='ltr'><strong>bus</strong></span> <span class='ocrx_word' id='word_1_268' title='bbox 241 2037 399 2085; x_wconf 89' lang='lat' dir='ltr'><strong>diebus</strong></span> <span class='ocrx_word' id='word_1_269' title='bbox 421 2037 484 2085; x_wconf 75' lang='lat' dir='ltr'><strong>fiis</strong></span> <span class='ocrx_word' id='word_1_270' title='bbox 504 2035 681 2085; x_wconf 78' lang='lat' dir='ltr'><strong>nef-asve</strong></span> <span class='ocrx_word' id='word_1_271' title='bbox 707 2035 819 2085; x_wconf 87' lang='lat' dir='ltr'><strong>esset</strong></span> <span class='ocrx_word' id='word_1_272' title='bbox 864 2037 910 2084; x_wconf 96' lang='lat' dir='ltr'>L</span> <span class='ocrx_word' id='word_1_273' title='bbox 925 2054 953 2084; x_wconf 81' lang='lat' dir='ltr'>E</span> <span class='ocrx_word' id='word_1_274' title='bbox 969 2053 1000 2085; x_wconf 85' lang='lat' dir='ltr'>G</span> <span class='ocrx_word' id='word_1_275' title='bbox 1014 2055 1044 2084; x_wconf 85' lang='lat' dir='ltr'>E</span> <span class='ocrx_word' id='word_1_276' title='bbox 1089 2053 1123 2085; x_wconf 89' lang='lat' dir='ltr'>A</span> <span class='ocrx_word' id='word_1_277' title='bbox 1140 2055 1172 2086; x_wconf 88' lang='lat' dir='ltr'>G</span> <span class='ocrx_word' id='word_1_278' title='bbox 1187 2055 1216 2085; x_wconf 82' lang='lat' dir='ltr'>E</span> <span class='ocrx_word' id='word_1_279' title='bbox 1231 2054 1264 2084; x_wconf 88' lang='lat' dir='ltr'>R</span> <span class='ocrx_word' id='word_1_280' title='bbox 1282 2054 1335 2084; x_wconf 72' lang='lat' dir='ltr'><strong>z:</strong></span> <span class='ocrx_word' id='word_1_281' title='bbox 1371 2038 1508 2099; x_wconf 82' lang='lat' dir='ltr'><strong>Irati,</strong></span> <span class='ocrx_word' id='word_1_282' title='bbox 1530 2040 1593 2086; x_wconf 84' lang='lat' dir='ltr'><strong>ait</strong></span> <span class='ocrx_word' id='word_1_283' title='bbox 1607 2072 1623 2096; x_wconf 81' lang='lat'>‚</span> <span class='ocrx_word' id='word_1_284' title='bbox 1654 2042 1738 2103; x_wconf 58' lang='lat' dir='ltr'><strong>Jue</strong></span> 
     </span>
     <span class='ocr_line' id='line_1_30' title="bbox 133 2102 1738 2168; baseline 0.002 -18"><span class='ocrx_word' id='word_1_285' title='bbox 133 2104 406 2163; x_wconf 70' lang='lat' dir='ltr'><strong>reconsulti,</strong></span> <span class='ocrx_word' id='word_1_286' title='bbox 441 2119 500 2150; x_wconf 89' lang='lat' dir='ltr'><strong>ne</strong></span> <span class='ocrx_word' id='word_1_287' title='bbox 525 2102 701 2150; x_wconf 81' lang='lat' dir='ltr'><strong>dierum</strong></span> <span class='ocrx_word' id='word_1_288' title='bbox 725 2103 900 2150; x_wconf 83' lang='lat' dir='ltr'><strong>ratione</strong></span> <span class='ocrx_word' id='word_1_289' title='bbox 924 2102 1193 2168; x_wconf 83' lang='lat' dir='ltr'><strong>pervulgata</strong></span> <span class='ocrx_word' id='word_1_290' title='bbox 1215 2103 1265 2150; x_wconf 64' lang='grc' dir='ltr'><strong>δε</strong></span> <span class='ocrx_word' id='word_1_291' title='bbox 1286 2103 1473 2167; x_wconf 84' lang='lat' dir='ltr'><strong>cognita</strong></span> <span class='ocrx_word' id='word_1_292' title='bbox 1493 2136 1508 2163; x_wconf 79' lang='lat'>‚</span> <span class='ocrx_word' id='word_1_293' title='bbox 1546 2102 1639 2151; x_wconf 88' lang='lat' dir='ltr'><strong>fine</strong></span> <span class='ocrx_word' id='word_1_294' title='bbox 1663 2104 1738 2153; x_wconf 75' lang='lat' dir='ltr'><strong>sua</strong></span> 
     </span>
     <span class='ocr_line' id='line_1_31' title="bbox 131 2167 1737 2233; baseline 0.002 -18"><span class='ocrx_word' id='word_1_295' title='bbox 131 2186 273 2232; x_wconf 88' lang='lat' dir='ltr'><strong>opera</strong></span> <span class='ocrx_word' id='word_1_296' title='bbox 299 2169 445 2233; x_wconf 83' lang='lat' dir='ltr'><strong>poffet</strong></span> <span class='ocrx_word' id='word_1_297' title='bbox 470 2171 586 2232; x_wconf 83' lang='lat' dir='ltr'><strong>Lege</strong></span> <span class='ocrx_word' id='word_1_298' title='bbox 612 2172 685 2233; x_wconf 78' lang='lat' dir='ltr'><strong>agi</strong></span> <span class='ocrx_word' id='word_1_299' title='bbox 705 2202 721 2228; x_wconf 82' lang='grc'>,</span> <span class='ocrx_word' id='word_1_300' title='bbox 758 2167 812 2214; x_wconf 91' lang='grc' dir='ltr'>Ν</span> <span class='ocrx_word' id='word_1_301' title='bbox 827 2185 858 2214; x_wconf 89' lang='lat'>0</span> <span class='ocrx_word' id='word_1_302' title='bbox 875 2185 906 2215; x_wconf 85' lang='lat' dir='ltr'>T</span> <span class='ocrx_word' id='word_1_303' title='bbox 921 2183 952 2214; x_wconf 84' lang='lat' dir='ltr'>A</span> <span class='ocrx_word' id='word_1_304' title='bbox 969 2186 988 2216; x_wconf 89' lang='lat' dir='ltr'><strong>s</strong></span> <span class='ocrx_word' id='word_1_305' title='bbox 1025 2169 1235 2233; x_wconf 83' lang='lat' dir='ltr'><strong>quasdam</strong></span> <span class='ocrx_word' id='word_1_306' title='bbox 1258 2167 1613 2231; x_wconf 82' lang='lat' dir='ltr'><strong>composuerunt</strong></span> <span class='ocrx_word' id='word_1_307' title='bbox 1637 2207 1648 2223; x_wconf 86' lang='lat'>‚</span> <span class='ocrx_word' id='word_1_308' title='bbox 1683 2183 1737 2218; x_wconf 76' lang='lat' dir='ltr'><strong>ut</strong></span> 
     </span>
     <span class='ocr_line' id='line_1_32' title="bbox 134 2232 1735 2298; baseline 0 -17"><span class='ocrx_word' id='word_1_309' title='bbox 134 2233 217 2298; x_wconf 84' lang='lat' dir='ltr'><strong>ipfi</strong></span> <span class='ocrx_word' id='word_1_310' title='bbox 250 2232 460 2281; x_wconf 85' lang='lat' dir='ltr'><strong>omnibus</strong></span> <span class='ocrx_word' id='word_1_311' title='bbox 494 2234 541 2279; x_wconf 93' lang='lat' dir='ltr'><strong>in</strong></span> <span class='ocrx_word' id='word_1_312' title='bbox 571 2233 704 2280; x_wconf 85' lang='lat' dir='ltr'><strong>rebus</strong></span> <span class='ocrx_word' id='word_1_313' title='bbox 735 2232 1009 2282; x_wconf 84' lang='lat' dir='ltr'><strong>interess&#39;ent.</strong></span> <span class='ocrx_word' id='word_1_314' title='bbox 1080 2234 1197 2282; x_wconf 89' lang='lat' dir='ltr'><strong>Sunt</strong></span> <span class='ocrx_word' id='word_1_315' title='bbox 1230 2236 1278 2281; x_wconf 92' lang='lat' dir='ltr'><strong>in</strong></span> <span class='ocrx_word' id='word_1_316' title='bbox 1315 2234 1433 2281; x_wconf 83' lang='lat' dir='ltr'><strong>hanc</strong></span> <span class='ocrx_word' id='word_1_317' title='bbox 1465 2232 1735 2282; x_wconf 87' lang='lat' dir='ltr'><strong>sententiam</strong></span> 
     </span>
     <span class='ocr_line' id='line_1_33' title="bbox 132 2296 1734 2366; baseline 0 -20"><span class='ocrx_word' id='word_1_318' title='bbox 132 2301 362 2366; x_wconf 87' lang='lat' dir='ltr'><strong>elegantes</strong></span> <span class='ocrx_word' id='word_1_319' title='bbox 375 2301 568 2343; x_wconf 78' lang='lat' dir='ltr'><strong>Manilii</strong></span> <span class='ocrx_word' id='word_1_320' title='bbox 590 2296 740 2346; x_wconf 85' lang='lat' dir='ltr'><strong>versus</strong></span> <span class='ocrx_word' id='word_1_321' title='bbox 753 2332 769 2358; x_wconf 84' lang='grc'>,</span> <span class='ocrx_word' id='word_1_322' title='bbox 804 2299 851 2345; x_wconf 90' lang='lat' dir='ltr'><strong>in</strong></span> <span class='ocrx_word' id='word_1_323' title='bbox 871 2299 959 2347; x_wconf 90' lang='lat' dir='ltr'><strong>IV.</strong></span> <span class='ocrx_word' id='word_1_324' title='bbox 985 2296 1158 2356; x_wconf 80' lang='lat' dir='ltr'><strong>Astron.</strong></span> <span class='ocrx_word' id='word_1_325' title='bbox 1190 2298 1350 2364; x_wconf 87' lang='lat' dir='ltr'><strong>quibus</strong></span> <span class='ocrx_word' id='word_1_326' title='bbox 1384 2298 1439 2345; x_wconf 92' lang='lat' dir='ltr'>N</span> <span class='ocrx_word' id='word_1_327' title='bbox 1454 2316 1483 2346; x_wconf 92' lang='lat' dir='ltr'><strong>o</strong></span> <span class='ocrx_word' id='word_1_328' title='bbox 1499 2317 1529 2346; x_wconf 89' lang='lat' dir='ltr'>T</span> <span class='ocrx_word' id='word_1_329' title='bbox 1547 2316 1578 2346; x_wconf 87' lang='lat' dir='ltr'>A</span> <span class='ocrx_word' id='word_1_330' title='bbox 1595 2316 1630 2346; x_wconf 83' lang='lat' dir='ltr'>R</span> <span class='ocrx_word' id='word_1_331' title='bbox 1648 2316 1678 2345; x_wconf 80' lang='lat' dir='ltr'>U</span> <span class='ocrx_word' id='word_1_332' title='bbox 1693 2315 1734 2347; x_wconf 83' lang='lat' dir='ltr'>M</span> 
     </span>
     <span class='ocr_line' id='line_1_34' title="bbox 130 2363 1733 2430; baseline -0.001 -19"><span class='ocrx_word' id='word_1_333' title='bbox 130 2365 401 2430; x_wconf 78' lang='lat' dir='ltr'><strong>compendia</strong></span> <span class='ocrx_word' id='word_1_334' title='bbox 430 2365 507 2428; x_wconf 90' lang='lat' dir='ltr'><strong>qui</strong></span> <span class='ocrx_word' id='word_1_335' title='bbox 540 2365 738 2412; x_wconf 87' lang='lat' dir='ltr'><strong>tenuerit</strong></span> <span class='ocrx_word' id='word_1_336' title='bbox 757 2396 774 2423; x_wconf 82' lang='lat'><strong>‚</strong></span> <span class='ocrx_word' id='word_1_337' title='bbox 810 2380 913 2411; x_wconf 86' lang='lat' dir='ltr'><strong>eum</strong></span> <span class='ocrx_word' id='word_1_338' title='bbox 937 2363 1091 2428; x_wconf 87' lang='lat' dir='ltr'><strong>Leges</strong></span> <span class='ocrx_word' id='word_1_339' title='bbox 1123 2365 1174 2413; x_wconf 68' lang='grc' dir='ltr'><strong>ὃς</strong></span> <span class='ocrx_word' id='word_1_340' title='bbox 1197 2367 1301 2430; x_wconf 80' lang='lat' dir='ltr'><strong>jura</strong></span> <span class='ocrx_word' id='word_1_341' title='bbox 1335 2364 1495 2429; x_wconf 85' lang='lat' dir='ltr'><strong>populi</strong></span> <span class='ocrx_word' id='word_1_342' title='bbox 1529 2365 1733 2412; x_wconf 79' lang='lat' dir='ltr'><strong>Romani</strong></span> 
     </span>
     <span class='ocr_line' id='line_1_35' title="bbox 133 2428 1733 2494; baseline -0.001 -18"><span class='ocrx_word' id='word_1_343' title='bbox 133 2429 345 2478; x_wconf 85' lang='lat' dir='ltr'><strong>sciturum</strong></span> <span class='ocrx_word' id='word_1_344' title='bbox 367 2430 415 2478; x_wconf 65' lang='lat'><strong>8&lt;</strong></span> <span class='ocrx_word' id='word_1_345' title='bbox 439 2431 556 2477; x_wconf 86' lang='lat' dir='ltr'><strong>intra</strong></span> <span class='ocrx_word' id='word_1_346' title='bbox 579 2428 852 2477; x_wconf 85' lang='lat' dir='ltr'><strong>domesticos</strong></span> <span class='ocrx_word' id='word_1_347' title='bbox 883 2446 936 2477; x_wconf 86' lang='lat' dir='ltr'><strong>ac</strong></span> <span class='ocrx_word' id='word_1_348' title='bbox 974 2430 1175 2493; x_wconf 83' lang='lat' dir='ltr'><strong>privatos</strong></span> <span class='ocrx_word' id='word_1_349' title='bbox 1201 2431 1395 2494; x_wconf 82' lang='lat' dir='ltr'><strong>parietes</strong></span> <span class='ocrx_word' id='word_1_350' title='bbox 1421 2430 1610 2494; x_wconf 77' lang='lat' dir='ltr'><strong>qualiter</strong></span> <span class='ocrx_word' id='word_1_351' title='bbox 1636 2429 1733 2475; x_wconf 87' lang='lat' dir='ltr'><strong>cui-</strong></span> 
     </span>
     <span class='ocr_line' id='line_1_36' title="bbox 131 2493 1639 2561; baseline -0.001 -19"><span class='ocrx_word' id='word_1_352' title='bbox 131 2509 220 2558; x_wconf 89' lang='lat' dir='ltr'><strong>que</strong></span> <span class='ocrx_word' id='word_1_353' title='bbox 236 2496 309 2560; x_wconf 85' lang='lat' dir='ltr'><strong>jus</strong></span> <span class='ocrx_word' id='word_1_354' title='bbox 332 2495 614 2544; x_wconf 88' lang='lat' dir='ltr'><strong>reddendum</strong></span> <span class='ocrx_word' id='word_1_355' title='bbox 641 2494 696 2542; x_wconf 79' lang='lat' dir='ltr'><strong>fit</strong></span> <span class='ocrx_word' id='word_1_356' title='bbox 711 2532 722 2550; x_wconf 91' lang='lat'><strong><em>,</em></strong></span> <span class='ocrx_word' id='word_1_357' title='bbox 760 2496 808 2543; x_wconf 88' lang='lat' dir='ltr'><strong>in</strong></span> <span class='ocrx_word' id='word_1_358' title='bbox 834 2507 1053 2561; x_wconf 87' lang='lat' dir='ltr'><strong>promptu</strong></span> <span class='ocrx_word' id='word_1_359' title='bbox 1079 2495 1345 2544; x_wconf 79' lang='lat' dir='ltr'><strong>habiturum</strong></span> <span class='ocrx_word' id='word_1_360' title='bbox 1369 2493 1595 2560; x_wconf 83' lang='lat' dir='ltr'><strong>fignificat</strong></span> <span class='ocrx_word' id='word_1_361' title='bbox 1610 2510 1639 2550; x_wconf 47' lang='lat'><strong>:,</strong></span> 
     </span>
    </p>
   </div>
   <div class='ocr_carea' id='block_1_3' title="bbox 321 2585 1715 2745">
    <p class='ocr_par' dir='ltr' id='par_1_5' title="bbox 321 2585 1715 2745">
     <span class='ocr_line' id='line_1_37' title="bbox 321 2585 1362 2654; baseline -0.002 -19"><span class='ocrx_word' id='word_1_362' title='bbox 321 2590 413 2635; x_wconf 83' lang='lat' dir='ltr'><strong>Hic</strong></span> <span class='ocrx_word' id='word_1_363' title='bbox 436 2591 570 2636; x_wconf 67' lang='lat' dir='ltr'><strong>etiam</strong></span> <span class='ocrx_word' id='word_1_364' title='bbox 592 2591 765 2654; x_wconf 81' lang='lat' dir='ltr'><strong>Legum</strong></span> <span class='ocrx_word' id='word_1_365' title='bbox 787 2585 961 2637; x_wconf 75' lang='lat' dir='ltr'><strong>tabulas</strong></span> <span class='ocrx_word' id='word_1_366' title='bbox 985 2590 1039 2640; x_wconf 62' lang='grc' dir='ltr'><strong>ὠ·</strong></span> <span class='ocrx_word' id='word_1_367' title='bbox 1064 2587 1236 2636; x_wconf 79' lang='lat' dir='ltr'><strong>condita</strong></span> <span class='ocrx_word' id='word_1_368' title='bbox 1250 2593 1362 2649; x_wconf 73' lang='lat' dir='ltr'><strong>jura</strong></span> 
     </span>
     <span class='ocr_line' id='line_1_38' title="bbox 1037 2695 1715 2745; baseline -0.006 -1"><span class='ocrx_word' id='word_1_369' title='bbox 1037 2695 1077 2745; x_wconf 84' lang='grc' dir='ltr'>Β</span> <span class='ocrx_word' id='word_1_370' title='bbox 1116 2712 1142 2743; x_wconf 75' lang='lat'><strong>2.</strong></span> <span class='ocrx_word' id='word_1_371' title='bbox 1616 2697 1715 2743; x_wconf 82' lang='lat' dir='ltr'><strong>No-</strong></span> 
     </span>
    </p>
   </div>
  </div>
 </body>
</html>
