2143 3081
639 146 1052 208 DESronrs
1095 149 1515 219 VETERUM.
1751 173 1863 242 185

262 249 471 303 inserviat
491 287 502 307 ,
547 267 753 301 accurate
772 253 1125 304 examinabimus
1151 257 1290 306 illum.
1360 263 1596 314 Ass'ensum
1621 282 1714 317 non
1737 287 1855 334 prae-

261 319 419 366 bemus
456 318 542 365 illis
567 352 583 378 ‚
627 319 704 381 qui
728 318 914 373 volunt,
950 319 1100 375 femur
1119 321 1264 386 ipsum
1285 342 1497 377 carneum
1521 332 1851 386 characteribus

258 382 522 447 insignitum
544 383 695 443 fauste,
730 399 834 430 cum
859 386 905 431 in
931 397 1063 433 textu
1086 386 1262 435 dicatur
1281 390 1493 456 scriptum
1518 398 1564 443 in
1578 399 1847 450 vestimento

259 448 389 497 fimul
424 449 473 496 &
508 448 693 496 femore.
763 449 1025 513 Accipimus
1051 451 1369 503 vestimentum
1395 459 1443 506 Sc
1467 460 1613 510 femur
1633 481 1716 528 pro
1741 469 1846 512 Gla-

256 514 352 575 dio,
388 516 463 578 qui
487 514 715 578 dependet
736 529 794 561 ex
818 514 1018 575 femore,
1052 517 1125 563 cui
1152 518 1352 582 elogium
1385 524 1662 589 inscriptum.
1729 529 1844 579 Gla-

254 579 354 628 dios
373 593 525 627 autem
549 581 682 626 certis
707 581 825 626 notis
850 579 1195 644 nominibusque
1218 584 1396 633 inscribi
1420 588 1572 637 solitos
1598 625 1614 650 ,
1660 607 1737 642 aut
1766 613 1845 644 eo-

252 662 353 694 rum
369 646 470 709 ‚qui
494 643 839 708 gestarent‚aut
856 644 1216 707 Imperatorum,
1249 650 1409 710 quibus
1421 654 1695 717 militarent,
1728 673 1844 709 tam-¹

254 711 335 758 etfi
358 725 451 755 non
477 709 538 755 ita
572 720 695 754 certa
726 724 794 753 res
819 745 830 760 ,
878 724 936 755 an
958 708 1127 756 factum
1152 711 1225 757 vel
1247 713 1301 758 ad
1326 716 1518 777 gloriam
1541 721 1614 768 vel
1639 724 1694 769 ad
1718 727 1838 772 mih·

252 777 329 821 tiae
364 772 694 836 professionem.
761 774 808 820 V
812 771 969 835 estigia
1000 776 1137 821 moris
1173 775 1472 829 ostendemus.
1519 786 1658 834 Ovrd..
1688 789 1761 834 ίιζν.
1789 807 1835 852 7.

251 843 445 884 ¹asset‘,¹3m‚
467 837 524 883 ὡς
549 839 701 900 eASgeo
726 836 773 883 ὃς
795 838 946 895 Theseo
970 839 1062 902 ejus
1085 838 1181 885 filio
1207 841 1270 888 ita
1291 848 1434 894 canit:

394 903 612 962 Sumsbrat
633 905 785 965 lgnarn
811 901 985 961 Thesbuaes
1008 903 1115 948 data
1133 909 1285 964 pocula
1309 910 1470 957 dextra

396 971 506 1012 Cum
522 980 649 1028 pater
671 970 715 1010 in
737 969 882 1025 capulo
893 968 1041 1030 gladii
1063 974 1256 1032 cognovit
1279 971 1434 1020 eburno

393 1036 523 1095 Stgna
536 1033 612 1091 shi
626 1034 797 1094 generis
892 1036 899 1041 ”

245 1100 413 1145 Statius
431 1097 490 1142 de
514 1094 617 1143 ense
640 1098 803 1139 Dircaei
824 1096 885 1143 ita
907 1096 1055 1144 canit.-

389 1161 555 1225 Aspera
579 1160 778 1219 vulnifico
786 1158 939 1221 subter
958 1162 1075 1207 latus
1091 1164 1179 1225 ense
1202 1167 1314 1231 ’aget

387 1227 549 1288 Sphinx

240 1306 407 1355 nempe
428 1292 476 1338 in
497 1289 659 1352 capulo
681 1287 907 1353 effigiata,
938 1304 989 1338 ut
1008 1289 1126 1340 bene
1150 1307 1280 1343 notat
1302 1295 1355 1343 de
1381 1300 1425 1345 [a
1448 1303 1588 1349 Caerda
1610 1306 1657 1353 in
1680 1306 1762 1356 suis
1774 1311 1829 1359 ad

239 1358 395 1421 Virgil.
421 1360 655 1403 comment.
680 1354 873 1401 eAEneid.
899 1369 945 1416 4.
972 1362 1078 1404 261.
1103 1357 1183 1405 ubi
1203 1360 1354 1411 scribit
1380 1367 1516 1415 ctiam
1539 1385 1596 1417 ex
1623 1374 1830 1420 Helt'doro

238 1420 309 1467 lib.
337 1437 376 1466 2.
404 1420 604 1484 gladium
630 1417 888 1481 Thyamea'is
906 1422 953 1467 in
978 1420 1118 1469 ebore
1148 1426 1358 1475 caelatum
1382 1435 1579 1492 aquilam
1616 1436 1829 1486 habuisse.

240 1486 311 1534 Ita
346 1487 482 1533 etiam
508 1482 810 1549 Aristophanes
843 1486 891 1531 in
913 1484 1143 1549 Lyststrato.
1211 1491 1445 1555 Ejusmodi
1467 1499 1625 1546 multae
1647 1502 1694 1548 in
1715 1503 1829 1552 enfi-

235 1550 321 1599 bus
358 1550 406 1598 ὅ(
440 1550 578 1615 galeis
611 1563 857 1596 cernuntur
892 1550 1078 1615 effigies.
1145 1555 1234 1602 Sed
1272 1556 1321 1604 &
1344 1575 1513 1608 nomen
1536 1564 1827 1628 Imperatoris

233 1615 281 1662 in
313 1616 467 1680 gladio
499 1614 709 1660 caelatum
735 1615 1007 1677 reperimus,
1042 1620 1164 1679 quod
1186 1621 1232 1663 T
1225 1625 1322 1666 oleti
1343 1624 1495 1672 videre
1519 1629 1665 1690 plures
1693 1633 1827 1682 liceat

233 1679 389 1727 scribit
409 1684 562 1724 Petrus
583 1678 636 1722 de
656 1680 834 1721 Alcocet
853 1679 901 1725 in
923 1679 1104 1727 historia
1118 1718 1130 1736 ,
1167 1683 1243 1732 seu
1267 1685 1567 1753 descriptione
1589 1695 1681 1758 ejus
1703 1697 1824 1746 urbis

230 1743 307 1791 lib.
332 1760 376 1792 z.
397 1759 487 1806 cap.
519 1759 665 1790 xxvn.
726 1742 908 1806 Insigne
940 1743 1004 1790 ibi
1038 1745 1505 1814 Hieronymianorum
1540 1756 1824 1811 Coenob'ium

231 1808 322 1869 est,
356 1809 429 1857 cui
451 1808 608 1856 titulus
632 1806 915 1867 LASIfflA,
946 1808 1025 1856 ubi
1046 1810 1244 1862 servatur
1265 1816 1315 1864 &
1344 1818 1594 1869 ostenditur
1624 1825 1822 1888 gladius,

229 1875 397 1936 quoss.
422 1871 615 1934 Apostolo
639 1874 769 1916 Paulo
791 1886 929 1935 caput
949 1872 1181 1924 absciffum
1205 1879 1282 1926 est.
1349 1883 1459 1946 Ejus
1485 1886 1622 1934 altera
1646 1905 1744 1951 pars
1765 1892 1819 1940 fi-

229 1953 287 1984 ve
311 1937 446 1985 fiicies
468 1937 660 2000 antiquis
682 1938 880 1984 cernitur
898 1937 1229 1990 characteribus
1250 1943 1461 2012 inscripta
1484 1951 1531 1997 in
1566 1952 1688 2000 hunc
1719 1972 1821 2003 mo-

227 2002 350 2050 dum.
399 2001 560 2049 NER.
612 2001 771 2048 CAES.
806 2001 1026 2051 MUCR.
1070 2006 1100 2051 i.
1134 2024 1172 2055 e.
1208 2011 1397 2056 Neronis
1434 2016 1602 2076 Caefhris
1636 2022 1815 2070 Macro„

226 2067 449 2115 Additum
483 2065 638 2131 postea
682 2081 740 2112 ex
785 2066 923 2113 altera
968 2071 1294 2121 recentioribus
1340 2078 1473 2125 notis.
1510 2080 1591 2154 Q.
1618 2081 1815 2133 PAUL.

226 2131 494 2179 TRUNC.
520 2132 663 2178 CAP.
689 2130 740 2176 F.
764 2147 844 2192 quo
865 2135 1029 2178 Paulus
1051 2139 1189 2198 capite
1214 2152 1440 2187 truncatus
1450 2145 1564 2203 fuit.

290 2206 326 2254 §.
350 2197 438 2243 XI.
477 2198 553 2242 Ut
587 2194 783 2242 nostram
819 2197 1083 2259 opinionem
1117 2202 1361 2264 probemus
1390 2207 1485 2254 aliis
1520 2210 1814 2277 testimoniis,

222 2260 414 2326 prodeat
451 2259 705 2305 Plutarchus
728 2296 739 2312 ‚
787 2263 864 2324 qui
908 2263 956 2308 in
987 2267 1144 2309 Mario
1174 2268 1237 2314 ita
1266 2267 1419 2319 scribit
1439 2305 1455 2332 ,
1499 2277 1621 2338 quod
1655 2284 1819 2326 Catullc‘

221 2327 389 2374 milites
422 2325 602 2372 suorum
626 2325 814 2372 Ducum
851 2327 1036 2374 nomina
1057 2329 1157 2378 telis
1179 2331 1494 2398 inscripfiss‘ent
1518 2358 1529 2386 :
1571 2347 1678 2386 Cum
1701 2347 1814 2391 inter

224 2393 384 2436 milites
398 2427 410 2445 ,
445 2392 591 2454 inquit
605 2425 615 2443 ‚
654 2393 808 2435 Marii
833 2391 884 2438 ὠ·
911 2395 1070 2437 Catulli
1090 2393 1144 2440 de
1167 2399 1350 2444 vib‘z‘oria
1374 2407 1575 2448 contentio
1598 2410 1808 2466 oriretur,

223 2460 288 2500 ita
311 2459 531 2515 convenit,
562 2468 611 2498 ut
636 2457 795 2518 Legati
817 2458 1136 2518 Parmenstum‚
1172 2466 1250 2523 qm'
1273 2477 1377 2509 tunc
1405 2467 1610 2528 aderant,
1645 2471 1698 2516 de
1729 2473 1812 2522 hac

221 2537 268 2565 re
299 2519 522 2579 judicium
549 2521 736 2580 ferrent.
804 2522 872 2564 Hi
901 2521 1022 2565 duih·
1047 2537 1125 2585 per
1155 2526 1377 2574 cadavera
1400 2530 1575 2589 hostium
1604 2534 1631 2578 iz
1656 2540 1812 2584 militi-

218 2585 288 2632 bus
309 2617 324 2645 ,
373 2586 667 2648 conspexerunt
691 2616 708 2643 3
741 2587 905 2646 jactatis
930 2589 1133 2636 militum·
1145 2595 1305 2637 Catulli
1328 2595 1616 2644 Barbarorum
1642 2618 1810 2665 corpora

1218 2657 1262 2703 A
1295 2672 1320 2704 a
1714 2669 1786 2729 eff}
