2143 3081
403 182 434 234 8
562 187 563 191 ’
643 171 1183 250 J0.Nicot,A1
1239 165 1746 228 TRACTAJ-fflo

404 308 494 354 hoe
513 304 650 352 modo
664 336 679 362 ‚
698 278 816 349 mlh-
831 336 848 361 ,
875 301 924 349 &
945 317 1046 366 quae
1068 300 1153 348 alia
1175 298 1275 348 sunt
1297 295 1506 364 exempla
1520 333 1535 360 ,
1561 313 1662 363 quae
1677 311 1776 361 pag.
1799 297 1908 360 657.
1930 283 1999 345 νίζ’

408 371 553 418 denda
586 369 701 415 sunt.
765 364 898 426 Qis,
921 369 1071 428 itaque
1103 364 1331 412 dubitabit
1361 366 1418 413 de
1451 366 1641 412 veritate
1666 398 1681 424 ‚
1717 362 1841 427 quod
1873 363 1928 409 N
1941 379 1998 410 0-

410 453 441 482 Τ
457 452 503 482 AE
545 450 637 480 non
662 429 750 477 fint
772 427 915 477 literae
937 462 954 488 ‚
986 443 1175 492 quarum
1199 427 1475 476 Iconismum
1497 429 1626 477 nobis
1664 444 1754 492 quo
1789 443 1845 475 ue
1867 427 2000 474 exhi-

406 500 486 546 bet:
511 501 563 543 P.
595 497 765 557 Caspar.
798 494 954 540 Schott.
978 497 1024 538 in
1057 491 1260 539 Technic‚
1294 494 1445 554 curiofi
1469 493 1572 538 edit.
1598 497 1758 537 Norim
1792 508 1877 555 erg.
1895 505 1955 553 pa
1988 526 2004 536 .

406 581 463 610 m.
491 575 597 626 535.
640 558 915 606 Conferatur
937 558 1083 622 Janus
1110 561 1345 617 Gruterus,
1374 559 1450 622 qui
1474 556 1685 604 Lexicon
1719 559 1923 601 Ciceronis
1946 507 2005 602 {c

405 631 581 692 Tyronis
614 624 777 672 excudi
800 625 974 685 curavit
1009 624 1055 670 in
1090 638 1228 687 opere
1262 621 1514 670 doffiflimo
1540 620 1889 684 Inscriptionum
1921 637 2007 682 ane·

409 695 648 757 tiquarum.
712 687 862 736 Κεᾶἐ
884 690 1034 752 itaque
1057 688 1134 735 has
1171 688 1224 735 N
1237 704 1265 734 o
1280 704 1311 735 'r
1327 700 1359 734 A
1376 704 1395 734 s
1426 702 1654 734 vocamus,
1673 685 1715 732 Z
1727 702 1743 733 1
1759 701 1785 732 F
1799 702 1835 733 R
1851 701 1885 733 A
1898 703 1935 734 s.

472 767 509 816 §.
542 771 582 818 ς’.
619 754 831 802 Succedit
863 754 984 800 aliud
1019 769 1163 817 genus
1188 752 1551 802 Nom-num
1574 783 1590 809 ‚
1639 764 1740 814 quae
1772 749 1875 798 sunt
1905 747 2004 796 not'ae

407 820 458 869 &
480 826 604 866 literae
630 819 788 877 fimul,
820 818 878 865 de
901 819 969 865 his
994 815 1133 874 Pestm
1148 854 1158 872 ‚
1194 817 1320 877 cujus
1344 816 1482 864 verba
1504 814 1643 862 refert
1666 813 1859 861 Barnab.
1884 816 2005 877 BriJL

398 887 488 947 son.
514 884 566 930 de
591 882 757 929 verbor.
770 882 998 947 fignificat.
1025 880 1101 928 lib.
1123 898 1206 928 Χῐῐ.
1223 874 1305 941 fol.
1328 899 1385 928 m.
1408 895 1520 945 437.
1544 879 1647 925 edit.
1672 881 1815 940 Parzf
1879 878 2009 929 No-

412 966 492 997 TA
518 987 529 1004 ,
564 950 710 1013 inquit
734 982 750 1008 ‚
781 964 901 995 nunc
937 945 1161 1012 fignificat
1198 945 1377 1011 fignum
1400 979 1416 1005 ‚
1450 960 1570 1005 nunc
1605 944 1753 991 literas
1779 943 2002 1008 singulas,

408 1028 487 1062 aut
521 1014 646 1062 binas
668 1047 684 1073 ‚
720 1012 972 1075 eodemque
1006 1012 1190 1058 nemine
1227 1028 1296 1057 eas
1332 1009 1564 1074 appellant
1595 1008 1755 1053 Suidas
1784 1024 1894 1055 cent.
1925 1024 2001 1056 12.

402 1094 528 1141 prov·
554 1077 629 1142 87.
655 1082 698 1122 in
722 1080 952 1123 Paroemiis
974 1075 1155 1120 Andreae
1181 1074 1369 1128 Schotti,
1392 1075 1441 1121 &
1469 1077 1613 1118 Cicero
1634 1075 1763 1118 Orat.
1778 1087 1856 1135 pro
1880 1076 2000 1119 Adu-

411 1160 534 1190 raena.
600 1142 807 1208 Singulas
842 1143 988 1189 literas
1013 1142 1161 1185 Gellius
1186 1139 1457 1203 Singularias
1491 1135 1566 1184 lib.
1607 1152 1677 1193 17.
1713 1151 1804 1201 cap.
1828 1152 1875 1191 9.
1917 1154 2002 1186 vo-

412 1221 501 1256 cat.
566 1208 665 1255 Has
688 1205 796 1255 verb
811 1206 1109 1270 Singularias,
1145 1204 1287 1268 Siglas
1312 1203 1387 1251 seu
1411 1202 1620 1266 Singulas
1645 1201 1794 1249 literas
1819 1200 2004 1266 quidem

413 1287 541 1320 notas
564 1306 580 1332 ‚
625 1271 698 1319 sed
723 1270 749 1319 ὲ
783 1269 1006 1335 prioribus
1036 1269 1226 1317 diversas
1262 1267 1349 1315 esse
1374 1301 1390 1328 ,
1436 1267 1728 1314 observarunt
1750 1269 1925 1331 Spiegel.
1948 1268 2006 1314 de

414 1338 643 1383 verborum
656 1337 974 1401 stgnz‘ficatione.
1022 1340 1140 1382 Petr.
1166 1338 1336 1399 Gregor.
1361 1331 1435 1378 lib.
1468 1338 1537 1379 16.
1561 1331 1615 1376 de
1637 1330 1811 1393 Republ.
1840 1345 1932 1394 cap.
1962 1348 2003 1380 1.

411 1406 608 1448 Torrent.
632 1406 674 1447 in
701 1399 823 1447 Galb.
843 1403 1010 1445 Sueten.
1036 1399 1084 1447 &
1109 1401 1314 1447 omnium
1339 1395 1660 1445 accuratissime
1684 1393 2003 1455 Raderus9ubi

412 1466 462 1512 in
484 1468 585 1513 haec
605 1465 743 1512 verba
765 1465 999 1511 concludit
1032 1464 1300 1510 sententiam
1323 1462 1459 1508 suam.
1523 1458 1747 1508 Au&ores
1775 1476 1868 1508 non
1893 1476 2006 1524 pau-

410 1531 456 1578 ci
480 1530 682 1594 separant
706 1525 896 1576 omnin&
929 1527 1077 1574 literas
1112 1524 1304 1589 fingulas
1329 1557 1345 1583 ,
1388 1524 1463 1571 seu
1496 1527 1636 1587 Siglas
1670 1524 1761 1572 five
1785 1539 1888 1587 quae
1910 1542 2005 1573 uno

412 1594 555 1642 verbo
587 1595 788 1641 S1NGu
806 1606 902 1638 LAE
943 1590 1226 1653 appellantur
1261 1588 1288 1634 a
1330 1587 1576 1643 N0T1s3
1613 1589 1677 1634 ita
1697 1601 1750 1635 ut
1795 1589 2004 1638 No‘rAE

413 1675 509 1707 non
544 1657 630 1705 sint
658 1657 814 1704 literae.
881 1652 1022 1701 Unde
1045 1652 1299 1700 mirandum
1334 1650 1457 1715 quod
1487 1651 1558 1697 vir
1589 1650 1693 1699 alias
1728 1650 2003 1703 doetiffimus

413 1721 543 1786 Jstus
569 1725 762 1778 anacius
787 1718 940 1766 Notas
963 1717 1161 1765 voluerit
1183 1715 1271 1764 effe
1304 1715 1333 1762 S
1350 1732 1365 1763 1
1380 1731 1412 1762 G
1427 1732 1459 1762 L
1475 1730 1569 1774 AS,
1591 1716 1667 1778 qui
1699 1717 1747 1762 in
1770 1717 1872 1765 haec
1895 1735 2002 1782 pro-

414 1789 587 1851 rumpit
606 1785 767 1833 verba:
784 1782 1062 1832 Vocabimus
1086 1782 1226 1845 igitur
1247 1781 1325 1828 has
1340 1783 1484 1826 Notas
1506 1779 1581 1826 seu
1603 1781 1761 1841 Zifras
1795 1781 1973 1831 SmnAs
1985 1817 2004 1843 ,

415 1868 524 1902 cum
549 1851 647 1899 satis
671 1847 921 1908 ostensum,
954 1848 1049 1894 illas
1067 1863 1161 1893 non
1183 1845 1270 1893 ess'e
1294 1845 1467 1905 literas,
1502 1843 1579 1892 sed
1601 1844 1738 1909 signa.

478 1926 515 1975 §.
541 1922 585 1963 6.
619 1916 762 1962 Extra
787 1929 970 1960 omnem
995 1910 1288 1959 dubitationis
1323 1911 1466 1958 aleam
1499 1907 1641 1974 igitur
1666 1911 1876 1973 ponimus
1899 1910 2003 1961 lite-

414 1997 483 2028 ras
505 1979 776 2046 Singularias
797 1995 880 2042 pro
916 1977 976 2024 S1
993 1992 1097 2024 σω
1115 1992 1134 2023 s
1169 1975 1334 2040 politas
1359 1975 1497 2023 fuisse.
1563 1973 1734 2023 Probat
1754 1976 1844 2022 hoc
1869 1976 2001 2025 libel-

417 2046 484 2094 lus
509 2048 734 2110 Asagnonis
755 2043 814 2089 de
849 2041 1028 2089 Smm
1045 2057 1064 2088 s
1097 2041 1266 2088 Carolo
1287 2042 1415 2106 Regi
1439 2040 1610 2087 dicatus
1634 2040 1704 2087 his
1725 2040 1900 2090 verbis:

623 2111 725 2156 Haec
736 2108 851 2166 juris
874 2111 1020 2168 σημεῖα
1038 2104 1186 2151 lubens
1207 2109 1304 2151 Rex
1326 2108 1468 2170 accipe
1495 2109 1638 2165 Carle,

685 2171 825 2233 Offert
847 2170 1018 2216 devotm
1036 2187 1124 2232 ,qua
1143 2169 1226 2216 tibi
1248 2173 1419 2234 Magno
1441 2184 1557 2216 tuus.

415 2240 472 2290 In
492 2255 583 2305 quo
607 2241 776 2303 Magno
800 2236 916 2283 nihil
938 2235 1059 2283 aliud
1082 2235 1218 2284 docet
1232 2267 1248 2295 ,
1282 2251 1416 2298 quam
1438 2235 1585 2283 literas
1608 2235 1799 2283 initiales
1823 2233 1905 2301 pro
1928 2238 1997 2285 in·

417 2308 555 2370 tegris
576 2302 763 2351 vocibus
792 2299 956 2366 positas
987 2298 1073 2346 esse
1096 2321 1113 2358 3
1147 2301 1216 2348 uti
1237 2316 1322 2347 nec
1342 2300 1471 2348 aliter
1493 2301 1569 2348 ille
1591 2333 1607 2359 ‚
1641 2301 1770 2364 cujus
1784 2302 1996 2365 jun'dieas

415 2384 544 2418 notas
565 2385 621 2417 ex
648 2367 874 2415 veteribus
901 2364 1170 2412 membranis
1193 2366 1241 2412 in
1261 2380 1454 2429 corpore
1477 2365 1893 2414 Grammaticomm
1917 2369 1998 2416 ha·

415 2435 574 2482 bemus
595 2430 808 2479 Gerhard.
827 2429 1016 2494 Johann.
1039 2433 1084 2474 V
1078 2430 1184 2492 offius
1208 2428 1261 2474 de
1282 2443 1376 2475 arte
1400 2433 1643 2475 Grammat.
1665 2428 1742 2475 lib.
1761 2447 1800 2476 1.
1816 2425 1997 2495 cap-46·

416 2501 479 2546 Et
503 2500 611 2546 licet
643 2499 900 2543 Ammianus
926 2497 1210 2539 splarcellinus
1242 2493 1317 2539 lib.
1345 2501 1416 2541 16.
1445 2493 1607 2542 scribat
1630 2511 1640 2541 z
1683 2495 1823 2558 Apud
1848 2497 2001 2563 AEgy-

414 2565 533 2627 ptios
567 2562 757 2628 fingulas
778 2559 926 2609 literas
961 2558 1145 2622 singulis
1177 2558 1326 2606 verbis
1361 2557 1625 2617 inserviiss'e,
1649 2571 1802 2608 tamen
1827 2563 1999 2626 impro-

413 2628 509 2691 prie
529 2629 726 2692 loquitur
747 2643 759 2676 :
793 2641 890 2674 non
917 2625 1041 2690 enim
1065 2625 1382 2689 :AEgyptiorum
1406 2638 1502 2672 ποτε
1525 2635 1650 2673 erant
1674 2622 1861 2690 fingulae
1894 2628 2000 2673 lite-

1905 2708 1997 2754 rae,
