2143 3081
567 124 673 181 DE
740 126 1016 189 διευς
1080 132 1507 198 VETERUM.
1744 153 1850 226 289

256 223 377 272 tiofis
413 226 802 289 inscribebantur,
845 234 1018 295 poculis
1054 233 1145 282 scil,
1184 240 1328 285 aureis
1371 241 1420 287 ὃς
1471 246 1731 306 argenteis,
1778 247 1854 295 sed.

253 291 391 336 etiam
413 290 574 339 vilibus
599 293 645 339 Sc
673 291 886 358 figulini&
952 299 1173 347 Meminit
1200 299 1403 364 Johannes
1427 310 1613 352 Smetius
1636 310 1851 359 testarum

255 355 304 402 &C
324 354 614 418 Lagcnarurn
640 357 928 408 literatarum.
999 363 1102 410 lino
1129 369 1374 428 tegularum
1413 373 1778 431 pavimentorum
1805 377 1854 424 &

250 420 470 466 canalium
494 456 505 472 ,
563 438 664 485 quae
688 423 1044 476 Sionis-notatae
1069 429 1249 478 fuerint.
1318 433 1534 482 Imbrices
1561 437 1651 486 {ive
1676 441 1851 504 tegulas

252 485 445 547 majores
477 486 524 532 in
554 486 743 536 modum
780 492 943 539 canalis
981 493 1194 541 deduEtas
1226 511 1333 543 cum
1366 497 1664 562 Inscriptione
1701 505 1848 554 adfert

250 550 327 596 cit.
354 552 554 596 Smetius.
573 566 672 615 pag.
699 570 757 599 m.
785 552 859 600 88.
883 556 951 603 his
976 558 1156 606 Srom
1173 576 1218 606 s:
1252 560 1405 610 LEG.
1429 581 1472 610 x.
1503 566 1564 612 G.
1591 581 1668 615 aut
1690 569 1842 618 LEG.

247 627 361 660 xxx.
399 615 461 662 V.
494 615 556 662 V.
597 614 686 663 five
722 618 878 666 VEX.
904 622 997 670 EX
1022 623 1240 672 GERM.
1268 626 1337 674 vel
1365 628 1520 678 VEX.
1550 632 1730 683 ERIT,
1752 635 1840 684 vid.

239 690 342 742 pag.
364 693 443 741 99.
471 678 550 727 ubi
575 679 883 745 fragmentum
909 687 1047 736 addit.

819 824 913 875 EX
952 765 1277 877 GEiissTN?

1032 906 1081 954 V

241 964 296 1013 In
319 964 504 1015 Varano
529 986 631 1018 rure
653 969 817 1020 Stabiis
842 982 1032 1032 reperta:
1059 970 1228 1034 tegulae
1249 973 1474 1040 inscriptze
1501 983 1759 1032 nominjhug

697 1107 778 1168 xQ
808 1106 1036 1152 LEPJDI

696 1151 780 1243 {Q
805 1169 1018 1217 MUTII

708 1233 765 1279 L.
798 1234 993 1280 AMEL
1027 1234 1353 1287 NERTONJ

694 1250 755 1353 lp,
790 1298 1166 1346 ANNomNI.

231 1436 485 1485 Mediolani
511 1440 557 1485 in
584 1439 737 1502 tegula
758 1437 1064 1487 PANSINA
1087 1438 1266 1489 fortasse
1289 1444 1492 1504 Panisi’na
1532 1448 1556 1496 a
1578 1456 1623 1496 C.
1651 1458 1823 1514 Pamftv

230 1502 389 1566 figulO.
414 1503 471 1550 de
498 1519 588 1567 quo
610 1508 801 1569 Eponym.
828 1508 871 1547 in
895 1506 1169 1551 Hermetian.
1196 1506 1316 1554 conf.
1341 1512 1393 1556 B.
1419 1514 1598 1572 Reimfii
1628 1520 1819 1582 Jnfiwpt„

229 1569 333 1614 edit.
356 1570 474 1630 Lipss

289 1642 325 1691 §.
351 1633 440 1679 ΙΙΙ.
474 1631 708 1681 Hactenus
744 1632 801 1679 de
827 1632 886 1680 Si
905 1649 1040 1680 oms
1073 1633 1299 1683 artificum
1333 1637 1660 1706 Opificumque
1691 1661 1817 1695 vete.

223 1713 322 1744 rum
336 1719 351 1753 3
388 1714 509 1745 nunc
541 1699 653 1745 ordo
691 1698 878 1760 requirit
901 1697 958 1744 de
980 1699 1081 1745 Sm
1097 1715 1157 1745 LI
1173 1717 1192 1746 s
1220 1701 1474 1751 nostrorum
1498 1722 1646 1770 agere.
1716 1712 1812 1760 Hic

221 1776 398 1811 tantum
420 1779 631 1826 campum
652 1764 897 1826 reperimus
924 1762 1197 1811 SIGLARUM
1211 1798 1227 1823 ‚
1261 1779 1313 1813 ut
1339 1767 1372 1815 s1
1396 1782 1580 1816 centum
1596 1771 1728 1822 nobis
1749 1777 1813 1823 es.

218 1827 316 1875 sent
350 1827 519 1890 linguae
557 1828 606 1874 &
625 1840 809 1874 centum
832 1843 987 1873 manus
1010 1861 1026 1886 9
1073 1828 1167 1874 illas
1191 1830 1351 1878 efferre
1377 1832 1426 1879 &
1447 1833 1695 1884 describere
1718 1856 1811 1887 non

217 1892 459 1955 poffemus.
523 1892 728 1954 Inquirat
751 1924 766 1950 ‚
812 1890 1065 1954 quaesumus
1087 1924 1102 1949 ,
1149 1895 1322 1953 omnis,
1357 1896 1406 1943 &
1431 1897 1602 1947 videbit
1628 1903 1675 1947 in
1702 1904 1812 1952 vafi-

216 1957 300 2006 bus
333 1957 556 2019 argenteis
590 1956 639 2004 &
675 1957 816 2003 aureis
848 1956 1033 2003 nomina
1061 1956 1288 2006 artificum
1312 1959 1544 2026 insculpta.
1604 1965 1716 2025 Jure
1742 1981 1808 2016 te-

214 2036 348 2071 netur
365 2037 532 2068 nomen
553 2020 792 2068 inscribere
814 2022 907 2079 rei,
923 2082 926 2083 ⁷
942 2036 1075 2084 quam
1100 2021 1314 2082 perfecit,
1342 2037 1392 2072 ut
1406 2026 1554 2074 Autor
1566 2043 1700 2077 notus
1726 2032 1807 2093 fit,

215 2088 247 2136 ss
270 2104 357 2152 qua
377 2087 493 2133 fraus
518 2085 722 2133 adfuerit.
749 2103 790 2132 v.
815 2101 863 2148 g.
889 2085 937 2132 Si
960 2085 1181 2132 aurifaber
1206 2091 1410 2150 Georgius
1429 2090 1677 2138 fridericus
1699 2099 1807 2142 Roth

211 2151 537 2216 appellaretur,
573 2167 653 2214 per
678 2151 855 2198 SIGLAs
886 2166 1055 2196 nomen
1077 2151 1414 2212 cochlearibus,
1451 2154 1634 2203 orbibus
1659 2196 1670 2211 ‚
1718 2177 1803 2222 po,

209 2219 320 2264 culis
342 2217 404 2265 ita
429 2217 695 2278 exprimitur
716 2216 759 2275 J.
784 2216 833 2262 F.
858 2215 920 2261 R.
959 2216 1029 2263 Ita
1049 2216 1096 2261 in
1120 2215 1284 2277 patinis
1308 2216 1496 2266 stanneis
1520 2220 1567 2267 8<
1591 2222 1804 2272 orbiculis

209 2280 448 2346 Opificum
478 2281 662 2328 nomina
690 2295 771 2343 per
796 2279 974 2326 SmLAs
1008 2279 1212 2342 impressa
1237 2281 1482 2344 reperimus
1507 2301 1551 2331 v.
1573 2302 1621 2349 g.
1644 2287 1802 2350 Opifi-

205 2349 448 2395 cisnomen
473 2343 553 2404 fit,
591 2347 829 2390 Heinricns
851 2342 1110 2405 Christophor
1128 2345 1255 2390 Kiilm
1270 2380 1284 2405 ³
1300 2360 1409 2396 tunc
1435 2349 1512 2395 has
1536 2350 1713 2400 SIGLAS
1730 2355 1796 2400 H,

204 2414 261 2460 C.
298 2413 360 2460 K.
397 2410 550 2458 incudi
591 2422 730 2456 curat.
798 2408 1013 2456 Similiter
1057 2409 1106 2456 in
1147 2410 1399 2475 horologiis
1423 2447 1438 2472 ‚
1486 2414 1799 2465 Instrumentis

204 2476 394 2524 Muficis
429 2476 604 2539 semper
638 2475 821 2521 nomina
853 2472 1078 2522 artificum
1106 2473 1434 2541 Opificumque
1458 2494 1537 2542 per
1563 2480 1591 2527 S
1607 2497 1622 2527 1
1638 2497 1667 2529 G
1683 2498 1759 2530 LA
1776 2500 1795 2529 s

204 2543 368 2606 scripta
389 2543 681 2606 reperientur,
1142 2602 1190 2650 O
1686 2610 1729 2657 C

1201 2621 1230 2651 o
1725 2642 1727 2644 .
1746 2627 1799 2658 Αἱ
