<?xml version="1.0" encoding="UTF-8"?>
<!DOCTYPE html PUBLIC "-//W3C//DTD XHTML 1.0 Transitional//EN"
    "http://www.w3.org/TR/xhtml1/DTD/xhtml1-transitional.dtd">
<html xmlns="http://www.w3.org/1999/xhtml" xml:lang="en" lang="en">
 <head>
  <title>
</title>
<meta http-equiv="Content-Type" content="text/html;charset=utf-8" />
  <meta name='ocr-system' content='tesseract 3.04.00' />
  <meta name='ocr-capabilities' content='ocr_page ocr_carea ocr_par ocr_line ocrx_word'/>
</head>
<body>
  <div class='ocr_page' id='page_1' title='image "./tractatusdesigli00nicouoft_0274.png"; bbox 0 0 2143 3081; ppageno 0'>
   <div class='ocr_carea' id='block_1_1' title="bbox 291 136 1618 224">
    <p class='ocr_par' dir='ltr' id='par_1_1' title="bbox 291 136 1618 224">
     <span class='ocr_line' id='line_1_1' title="bbox 291 136 1618 224; baseline -0.011 -17"><span class='ocrx_word' id='word_1_1' title='bbox 291 152 397 224; x_wconf 78' lang='lat'>246</span> <span class='ocrx_word' id='word_1_2' title='bbox 555 143 1072 220; x_wconf 79' lang='lat' dir='ltr'><strong>J0.N1001.A1</strong></span> <span class='ocrx_word' id='word_1_3' title='bbox 1131 136 1618 196; x_wconf 54' lang='lat' dir='ltr'>Tinea-Arm</span> 
     </span>
    </p>
   </div>
   <div class='ocr_carea' id='block_1_2' title="bbox 293 238 1888 445">
    <p class='ocr_par' dir='ltr' id='par_1_2' title="bbox 293 238 1888 445">
     <span class='ocr_line' id='line_1_2' title="bbox 293 238 1886 310; baseline -0.01 -12"><span class='ocrx_word' id='word_1_4' title='bbox 293 264 416 299; x_wconf 67' lang='lat' dir='ltr'>oms</span> <span class='ocrx_word' id='word_1_5' title='bbox 450 244 767 310; x_wconf 80' lang='lat' dir='ltr'>exprimebant</span> <span class='ocrx_word' id='word_1_6' title='bbox 789 278 806 302; x_wconf 79' lang='lat'>,</span> <span class='ocrx_word' id='word_1_7' title='bbox 852 256 905 290; x_wconf 89' lang='lat' dir='ltr'>ut</span> <span class='ocrx_word' id='word_1_8' title='bbox 936 243 1000 289; x_wconf 90' lang='lat' dir='ltr'>D.</span> <span class='ocrx_word' id='word_1_9' title='bbox 1035 240 1106 287; x_wconf 89' lang='lat' dir='ltr'>M.</span> <span class='ocrx_word' id='word_1_10' title='bbox 1142 239 1188 286; x_wconf 92' lang='lat' dir='ltr'>S.</span> <span class='ocrx_word' id='word_1_11' title='bbox 1225 238 1254 284; x_wconf 92' lang='lat' dir='ltr'>i.</span> <span class='ocrx_word' id='word_1_12' title='bbox 1280 255 1320 286; x_wconf 89' lang='lat' dir='ltr'>e.</span> <span class='ocrx_word' id='word_1_13' title='bbox 1342 241 1446 284; x_wconf 81' lang='lat' dir='ltr'>Diis</span> <span class='ocrx_word' id='word_1_14' title='bbox 1464 238 1678 284; x_wconf 74' lang='lat' dir='ltr'>Manibus</span> <span class='ocrx_word' id='word_1_15' title='bbox 1703 246 1886 289; x_wconf 74' lang='lat' dir='ltr'>Sacrum</span> 
     </span>
     <span class='ocr_line' id='line_1_3' title="bbox 294 303 1888 374; baseline -0.005 -15"><span class='ocrx_word' id='word_1_16' title='bbox 294 316 366 363; x_wconf 82' lang='lat' dir='ltr'>vel</span> <span class='ocrx_word' id='word_1_17' title='bbox 384 315 427 374; x_wconf 90' lang='lat' dir='ltr'>J</span> <span class='ocrx_word' id='word_1_18' title='bbox 455 313 517 361; x_wconf 89' lang='lat' dir='ltr'>O.</span> <span class='ocrx_word' id='word_1_19' title='bbox 543 311 618 357; x_wconf 87' lang='grc' dir='ltr'>Μ.</span> <span class='ocrx_word' id='word_1_20' title='bbox 644 310 688 357; x_wconf 92' lang='lat' dir='ltr'>S.</span> <span class='ocrx_word' id='word_1_21' title='bbox 733 312 850 371; x_wconf 85' lang='lat' dir='ltr'><em>Jovi</em></span> <span class='ocrx_word' id='word_1_22' title='bbox 871 310 1040 374; x_wconf 84' lang='lat' dir='ltr'>Optimo</span> <span class='ocrx_word' id='word_1_23' title='bbox 1063 306 1256 350; x_wconf 77' lang='lat' dir='ltr'>maximo</span> <span class='ocrx_word' id='word_1_24' title='bbox 1270 305 1463 364; x_wconf 77' lang='lat' dir='ltr'>sacrum.</span> <span class='ocrx_word' id='word_1_25' title='bbox 1489 303 1579 351; x_wconf 80' lang='lat' dir='ltr'><strong>vid.</strong></span> <span class='ocrx_word' id='word_1_26' title='bbox 1611 305 1819 352; x_wconf 70' lang='lat' dir='ltr'>prudent.</span> <span class='ocrx_word' id='word_1_27' title='bbox 1838 309 1888 355; x_wconf 87' lang='lat' dir='ltr'>in</span> 
     </span>
     <span class='ocr_line' id='line_1_4' title="bbox 293 368 1888 445; baseline -0.003 -22"><span class='ocrx_word' id='word_1_28' title='bbox 293 376 532 445; x_wconf 77' lang='lat' dir='ltr'>Symmach.</span> <span class='ocrx_word' id='word_1_29' title='bbox 564 375 779 423; x_wconf 81' lang='lat' dir='ltr'>Solennia</span> <span class='ocrx_word' id='word_1_30' title='bbox 798 376 845 420; x_wconf 88' lang='lat' dir='ltr'>in</span> <span class='ocrx_word' id='word_1_31' title='bbox 868 369 1125 434; x_wconf 85' lang='lat' dir='ltr'>hujusmodi</span> <span class='ocrx_word' id='word_1_32' title='bbox 1151 370 1294 416; x_wconf 83' lang='lat' dir='ltr'>titulis</span> <span class='ocrx_word' id='word_1_33' title='bbox 1317 368 1456 417; x_wconf 82' lang='lat' dir='ltr'>verba</span> <span class='ocrx_word' id='word_1_34' title='bbox 1478 382 1630 417; x_wconf 80' lang='lat' dir='ltr'>erant:</span> <span class='ocrx_word' id='word_1_35' title='bbox 1666 370 1732 416; x_wconf 88' lang='lat' dir='ltr'>H.</span> <span class='ocrx_word' id='word_1_36' title='bbox 1756 370 1804 417; x_wconf 85' lang='lat' dir='ltr'>S.</span> <span class='ocrx_word' id='word_1_37' title='bbox 1830 372 1888 419; x_wconf 86' lang='lat' dir='ltr'>E.</span> 
     </span>
    </p>
   </div>
   <div class='ocr_carea' id='block_1_3' title="bbox 292 434 1884 556">
    <p class='ocr_par' dir='ltr' id='par_1_3' title="bbox 292 434 1884 556">
     <span class='ocr_line' id='line_1_5' title="bbox 292 434 1884 500; baseline -0.006 -9"><span class='ocrx_word' id='word_1_38' title='bbox 292 461 324 493; x_wconf 77' lang='lat' dir='ltr'>i.</span> <span class='ocrx_word' id='word_1_39' title='bbox 350 461 390 490; x_wconf 90' lang='lat' dir='ltr'>e.</span> <span class='ocrx_word' id='word_1_40' title='bbox 425 446 522 489; x_wconf 84' lang='lat' dir='ltr'>Hic</span> <span class='ocrx_word' id='word_1_41' title='bbox 532 443 644 500; x_wconf 76' lang='lat' dir='ltr'>situs</span> <span class='ocrx_word' id='word_1_42' title='bbox 663 438 733 497; x_wconf 80' lang='lat' dir='ltr'><strong>est.</strong></span> <span class='ocrx_word' id='word_1_43' title='bbox 799 435 1236 484; x_wconf 73' lang='lat' dir='ltr'>Luciliusreferente</span> <span class='ocrx_word' id='word_1_44' title='bbox 1261 437 1430 480; x_wconf 81' lang='lat' dir='ltr'>Donato</span> <span class='ocrx_word' id='word_1_45' title='bbox 1462 437 1507 480; x_wconf 84' lang='lat' dir='ltr'>in</span> <span class='ocrx_word' id='word_1_46' title='bbox 1528 434 1766 481; x_wconf 85' lang='lat' dir='ltr'><em>Phormion.</em></span> <span class='ocrx_word' id='word_1_47' title='bbox 1799 437 1884 483; x_wconf 83' lang='lat' dir='ltr'><strong>Tc.-</strong></span> 
     </span>
     <span class='ocr_line' id='line_1_6' title="bbox 292 508 760 556; baseline -0.002 -4"><span class='ocrx_word' id='word_1_48' title='bbox 292 522 407 556; x_wconf 81' lang='lat' dir='ltr'>.rent.</span> <span class='ocrx_word' id='word_1_49' title='bbox 427 508 531 554; x_wconf 63' lang='lat' dir='ltr'><strong>Aet.</strong></span> <span class='ocrx_word' id='word_1_50' title='bbox 557 522 598 551; x_wconf 85' lang='lat'>2.</span> <span class='ocrx_word' id='word_1_51' title='bbox 622 509 690 551; x_wconf 83' lang='lat' dir='ltr'>Sc.</span> <span class='ocrx_word' id='word_1_52' title='bbox 722 519 760 551; x_wconf 94' lang='lat'>1.</span> 
     </span>
    </p>
   </div>
   <div class='ocr_carea' id='block_1_4' title="bbox 302 565 1957 2712">
    <p class='ocr_par' dir='ltr' id='par_1_4' title="bbox 302 565 1895 893">
     <span class='ocr_line' id='line_1_7' title="bbox 444 565 1703 632; baseline -0.004 -15"><span class='ocrx_word' id='word_1_53' title='bbox 444 577 607 618; x_wconf 81' lang='lat' dir='ltr'>Servus</span> <span class='ocrx_word' id='word_1_54' title='bbox 627 587 760 632; x_wconf 79' lang='lat' dir='ltr'>neque</span> <span class='ocrx_word' id='word_1_55' title='bbox 781 566 938 629; x_wconf 79' lang='lat' dir='ltr'>infidus</span> <span class='ocrx_word' id='word_1_56' title='bbox 957 566 1124 611; x_wconf 84' lang='lat' dir='ltr'>domino</span> <span class='ocrx_word' id='word_1_57' title='bbox 1145 581 1278 626; x_wconf 82' lang='lat' dir='ltr'>neque</span> <span class='ocrx_word' id='word_1_58' title='bbox 1300 565 1469 610; x_wconf 80' lang='lat' dir='ltr'>inutilis</span> <span class='ocrx_word' id='word_1_59' title='bbox 1493 566 1703 628; x_wconf 78' lang='lat' dir='ltr'>cuiquam</span> 
     </span>
     <span class='ocr_line' id='line_1_8' title="bbox 444 631 1374 694; baseline -0.003 -13"><span class='ocrx_word' id='word_1_60' title='bbox 444 637 612 681; x_wconf 77' lang='lat' dir='ltr'><em>Lucilii</em></span> <span class='ocrx_word' id='word_1_61' title='bbox 636 637 897 694; x_wconf 77' lang='lat' dir='ltr'><em>Columella,</em></span> <span class='ocrx_word' id='word_1_62' title='bbox 932 634 1046 678; x_wconf 86' lang='lat' dir='ltr'>HIC</span> <span class='ocrx_word' id='word_1_63' title='bbox 1065 631 1232 677; x_wconf 83' lang='lat' dir='ltr'><em>SITUS</em></span> <span class='ocrx_word' id='word_1_64' title='bbox 1253 632 1374 678; x_wconf 72' lang='lat' dir='ltr'><strong>EST.</strong></span> 
     </span>
     <span class='ocr_line' id='line_1_9' title="bbox 302 694 1895 764; baseline -0.004 -14"><span class='ocrx_word' id='word_1_65' title='bbox 302 701 424 750; x_wconf 69' lang='lat' dir='ltr'>conf.</span> <span class='ocrx_word' id='word_1_66' title='bbox 450 700 682 747; x_wconf 73' lang='lat' dir='ltr'><strong>Ovid.l1‘b.</strong></span> <span class='ocrx_word' id='word_1_67' title='bbox 725 717 768 748; x_wconf 82' lang='lat'>2.</span> <span class='ocrx_word' id='word_1_68' title='bbox 807 696 1097 764; x_wconf 68' lang='lat' dir='ltr'>Adetamorph.</span> <span class='ocrx_word' id='word_1_69' title='bbox 1129 694 1291 742; x_wconf 74' lang='lat' dir='ltr'>Tibull.</span> <span class='ocrx_word' id='word_1_70' title='bbox 1324 695 1399 742; x_wconf 57' lang='lat' dir='ltr'><strong>lib.</strong></span> <span class='ocrx_word' id='word_1_71' title='bbox 1441 712 1481 758; x_wconf 88' lang='lat'>3.</span> <span class='ocrx_word' id='word_1_72' title='bbox 1518 698 1620 760; x_wconf 76' lang='lat' dir='ltr'><strong>eleg.</strong></span> <span class='ocrx_word' id='word_1_73' title='bbox 1654 711 1698 744; x_wconf 85' lang='lat'>2.</span> <span class='ocrx_word' id='word_1_74' title='bbox 1747 695 1895 744; x_wconf 78' lang='lat' dir='ltr'>Inter-</span> 
     </span>
     <span class='ocr_line' id='line_1_10' title="bbox 304 761 1895 825; baseline -0.006 -11"><span class='ocrx_word' id='word_1_75' title='bbox 304 769 413 815; x_wconf 87' lang='lat' dir='ltr'>dum</span> <span class='ocrx_word' id='word_1_76' title='bbox 447 768 563 813; x_wconf 82' lang='lat' dir='ltr'>hanc</span> <span class='ocrx_word' id='word_1_77' title='bbox 602 764 881 812; x_wconf 76' lang='lat' dir='ltr'>adhibebant</span> <span class='ocrx_word' id='word_1_78' title='bbox 917 762 1157 810; x_wconf 55' lang='lat' dir='ltr'>for-muium</span> <span class='ocrx_word' id='word_1_79' title='bbox 1185 778 1194 806; x_wconf 91' lang='lat'>:</span> <span class='ocrx_word' id='word_1_80' title='bbox 1240 761 1305 807; x_wconf 77' lang='lat' dir='ltr'>H.</span> <span class='ocrx_word' id='word_1_81' title='bbox 1335 764 1374 824; x_wconf 72' lang='lat' dir='ltr'>J.</span> <span class='ocrx_word' id='word_1_82' title='bbox 1422 763 1449 808; x_wconf 71' lang='lat' dir='ltr'>i,</span> <span class='ocrx_word' id='word_1_83' title='bbox 1476 778 1513 808; x_wconf 87' lang='lat' dir='ltr'>e.</span> <span class='ocrx_word' id='word_1_84' title='bbox 1542 763 1618 808; x_wconf 73' lang='lat' dir='ltr'>hic</span> <span class='ocrx_word' id='word_1_85' title='bbox 1638 763 1776 825; x_wconf 75' lang='lat' dir='ltr'>jacet.</span> <span class='ocrx_word' id='word_1_86' title='bbox 1812 763 1858 807; x_wconf 89' lang='lat' dir='ltr'><em>T</em></span> <span class='ocrx_word' id='word_1_87' title='bbox 1856 766 1895 805; x_wconf 83' lang='lat' dir='ltr'>i-</span> 
     </span>
     <span class='ocr_line' id='line_1_11' title="bbox 303 826 1828 893; baseline -0.004 -14"><span class='ocrx_word' id='word_1_88' title='bbox 303 832 408 879; x_wconf 68' lang='lat' dir='ltr'><strong>hall.</strong></span> <span class='ocrx_word' id='word_1_89' title='bbox 429 831 503 877; x_wconf 62' lang='lat' dir='ltr'><strong>lib.</strong></span> <span class='ocrx_word' id='word_1_90' title='bbox 538 846 573 875; x_wconf 86' lang='lat'>1.</span> <span class='ocrx_word' id='word_1_91' title='bbox 602 833 701 893; x_wconf 76' lang='lat' dir='ltr'><strong>eleg.</strong></span> <span class='ocrx_word' id='word_1_92' title='bbox 732 844 768 893; x_wconf 68' lang='lat'>3.</span> <span class='ocrx_word' id='word_1_93' title='bbox 795 832 1003 872; x_wconf 67' lang='lat' dir='ltr'>Martial.</span> <span class='ocrx_word' id='word_1_94' title='bbox 1028 830 1156 889; x_wconf 64' lang='lat' dir='ltr'>eptgr.</span> <span class='ocrx_word' id='word_1_95' title='bbox 1186 839 1256 885; x_wconf 82' lang='lat'>52.</span> <span class='ocrx_word' id='word_1_96' title='bbox 1278 826 1354 872; x_wconf 65' lang='lat' dir='ltr'><strong>lib.</strong></span> <span class='ocrx_word' id='word_1_97' title='bbox 1379 832 1421 872; x_wconf 82' lang='lat'>6.</span> <span class='ocrx_word' id='word_1_98' title='bbox 1450 830 1577 889; x_wconf 70' lang='lat' dir='ltr'>eptgr.</span> <span class='ocrx_word' id='word_1_99' title='bbox 1598 843 1675 884; x_wconf 82' lang='lat'>92.</span> <span class='ocrx_word' id='word_1_100' title='bbox 1699 830 1726 874; x_wconf 91' lang='lat' dir='ltr'>l.</span> <span class='ocrx_word' id='word_1_101' title='bbox 1757 844 1773 872; x_wconf 88' lang='lat'>1</span> <span class='ocrx_word' id='word_1_102' title='bbox 1790 842 1828 873; x_wconf 95' lang='lat'>1.</span> 
     </span>
    </p>

    <p class='ocr_par' dir='ltr' id='par_1_5' title="bbox 304 890 1931 2650">
     <span class='ocr_line' id='line_1_12' title="bbox 374 890 1898 957; baseline -0.003 -15"><span class='ocrx_word' id='word_1_103' title='bbox 374 903 409 952; x_wconf 60' lang='grc' dir='ltr'>ς’.</span> <span class='ocrx_word' id='word_1_104' title='bbox 436 898 499 944; x_wconf 88' lang='lat' dir='ltr'>V.</span> <span class='ocrx_word' id='word_1_105' title='bbox 534 894 746 941; x_wconf 82' lang='lat' dir='ltr'>Solcmne</span> <span class='ocrx_word' id='word_1_106' title='bbox 772 909 951 957; x_wconf 72' lang='lat' dir='ltr'>quoquc</span> <span class='ocrx_word' id='word_1_107' title='bbox 975 892 1059 938; x_wconf 82' lang='lat' dir='ltr'>fuit</span> <span class='ocrx_word' id='word_1_108' title='bbox 1087 892 1131 936; x_wconf 83' lang='lat' dir='ltr'>in</span> <span class='ocrx_word' id='word_1_109' title='bbox 1167 890 1310 936; x_wconf 74' lang='lat' dir='ltr'>titulis</span> <span class='ocrx_word' id='word_1_110' title='bbox 1346 892 1414 937; x_wconf 87' lang='lat' dir='ltr'>his</span> <span class='ocrx_word' id='word_1_111' title='bbox 1448 891 1642 954; x_wconf 77' lang='lat' dir='ltr'>spatium</span> <span class='ocrx_word' id='word_1_112' title='bbox 1675 894 1782 939; x_wconf 80' lang='lat' dir='ltr'>vitae</span> <span class='ocrx_word' id='word_1_113' title='bbox 1819 907 1898 938; x_wconf 79' lang='lat' dir='ltr'>eo·-</span> 
     </span>
     <span class='ocr_line' id='line_1_13' title="bbox 304 954 1899 1023; baseline -0.005 -14"><span class='ocrx_word' id='word_1_114' title='bbox 304 978 405 1010; x_wconf 84' lang='lat' dir='ltr'>rum</span> <span class='ocrx_word' id='word_1_115' title='bbox 428 995 444 1020; x_wconf 84' lang='lat'>‚</span> <span class='ocrx_word' id='word_1_116' title='bbox 490 976 682 1023; x_wconf 84' lang='lat' dir='ltr'>quorum</span> <span class='ocrx_word' id='word_1_117' title='bbox 704 975 894 1022; x_wconf 74' lang='lat' dir='ltr'>corpora</span> <span class='ocrx_word' id='word_1_118' title='bbox 919 954 1132 1003; x_wconf 78' lang='lat' dir='ltr'>Tumulis</span> <span class='ocrx_word' id='word_1_119' title='bbox 1156 954 1496 1014; x_wconf 69' lang='lat' dir='ltr'>condebantur,</span> <span class='ocrx_word' id='word_1_120' title='bbox 1530 957 1709 1002; x_wconf 82' lang='lat' dir='ltr'>exiliter</span> <span class='ocrx_word' id='word_1_121' title='bbox 1732 957 1787 1003; x_wconf 84' lang='lat' dir='ltr'>ad</span> <span class='ocrx_word' id='word_1_122' title='bbox 1809 956 1899 1002; x_wconf 79' lang='lat' dir='ltr'>cal-</span> 
     </span>
     <span class='ocr_line' id='line_1_14' title="bbox 307 1019 1902 1086; baseline -0.004 -13"><span class='ocrx_word' id='word_1_123' title='bbox 307 1026 433 1074; x_wconf 77' lang='lat' dir='ltr'>culos</span> <span class='ocrx_word' id='word_1_124' title='bbox 459 1040 695 1072; x_wconf 83' lang='lat' dir='ltr'>revocare:</span> <span class='ocrx_word' id='word_1_125' title='bbox 730 1023 778 1069; x_wconf 64' lang='lat' dir='ltr'>&amp;c</span> <span class='ocrx_word' id='word_1_126' title='bbox 801 1034 913 1086; x_wconf 83' lang='lat' dir='ltr'>quot</span> <span class='ocrx_word' id='word_1_127' title='bbox 935 1037 1104 1078; x_wconf 74' lang='lat' dir='ltr'>annos,</span> <span class='ocrx_word' id='word_1_128' title='bbox 1141 1019 1312 1066; x_wconf 80' lang='lat' dir='ltr'>mense-s</span> <span class='ocrx_word' id='word_1_129' title='bbox 1335 1021 1384 1067; x_wconf 64' lang='grc' dir='ltr'>ὃς</span> <span class='ocrx_word' id='word_1_130' title='bbox 1405 1019 1500 1067; x_wconf 89' lang='lat' dir='ltr'>dies</span> <span class='ocrx_word' id='word_1_131' title='bbox 1513 1020 1748 1080; x_wconf 70' lang='lat' dir='ltr'>vixissent,</span> <span class='ocrx_word' id='word_1_132' title='bbox 1773 1038 1902 1068; x_wconf 87' lang='lat' dir='ltr'>com-</span> 
     </span>
     <span class='ocr_line' id='line_1_15' title="bbox 310 1085 1903 1155; baseline -0.004 -17"><span class='ocrx_word' id='word_1_133' title='bbox 310 1089 448 1155; x_wconf 55' lang='lat' dir='ltr'>plecti</span> <span class='ocrx_word' id='word_1_134' title='bbox 470 1091 516 1136; x_wconf 89' lang='lat' dir='ltr'>in</span> <span class='ocrx_word' id='word_1_135' title='bbox 539 1089 661 1136; x_wconf 90' lang='lat' dir='ltr'>hunc</span> <span class='ocrx_word' id='word_1_136' title='bbox 686 1088 873 1135; x_wconf 71' lang='lat' dir='ltr'>modum</span> <span class='ocrx_word' id='word_1_137' title='bbox 890 1087 1078 1133; x_wconf 81' lang='lat' dir='ltr'><strong>SEMP.</strong></span> <span class='ocrx_word' id='word_1_138' title='bbox 1104 1101 1148 1130; x_wconf 87' lang='lat' dir='ltr'>v.</span> <span class='ocrx_word' id='word_1_139' title='bbox 1175 1085 1266 1131; x_wconf 78' lang='lat' dir='ltr'>Ak.</span> <span class='ocrx_word' id='word_1_140' title='bbox 1291 1101 1403 1132; x_wconf 74' lang='lat' dir='ltr'><strong>xxx.</strong></span> <span class='ocrx_word' id='word_1_141' title='bbox 1426 1085 1499 1131; x_wconf 92' lang='lat' dir='ltr'>M.</span> <span class='ocrx_word' id='word_1_142' title='bbox 1527 1101 1596 1131; x_wconf 71' lang='grc' dir='ltr'>ΠΙ.</span> <span class='ocrx_word' id='word_1_143' title='bbox 1624 1086 1686 1132; x_wconf 91' lang='lat' dir='ltr'>D.</span> <span class='ocrx_word' id='word_1_144' title='bbox 1714 1103 1776 1133; x_wconf 68' lang='grc' dir='ltr'>Χῖ.</span> <span class='ocrx_word' id='word_1_145' title='bbox 1812 1086 1903 1132; x_wconf 63' lang='lat' dir='ltr'>Sed</span> 
     </span>
     <span class='ocr_line' id='line_1_16' title="bbox 310 1148 1904 1218; baseline -0.004 -15"><span class='ocrx_word' id='word_1_146' title='bbox 310 1157 360 1204; x_wconf 87' lang='lat'>&amp;</span> <span class='ocrx_word' id='word_1_147' title='bbox 392 1154 612 1218; x_wconf 79' lang='lat' dir='ltr'>stipendia</span> <span class='ocrx_word' id='word_1_148' title='bbox 643 1169 743 1216; x_wconf 76' lang='lat' dir='ltr'>quae</span> <span class='ocrx_word' id='word_1_149' title='bbox 781 1164 1035 1199; x_wconf 80' lang='lat' dir='ltr'>meruerant</span> <span class='ocrx_word' id='word_1_150' title='bbox 1066 1148 1284 1214; x_wconf 79' lang='lat' dir='ltr'>ejusmodi</span> <span class='ocrx_word' id='word_1_151' title='bbox 1306 1149 1459 1199; x_wconf 82' lang='lat' dir='ltr'>Tituli</span> <span class='ocrx_word' id='word_1_152' title='bbox 1482 1149 1904 1212; x_wconf 56' lang='lat' dir='ltr'>complectebantur</span> 
     </span>
     <span class='ocr_line' id='line_1_17' title="bbox 311 1215 1904 1278; baseline -0.004 -11"><span class='ocrx_word' id='word_1_153' title='bbox 311 1222 381 1267; x_wconf 83' lang='lat' dir='ltr'>his</span> <span class='ocrx_word' id='word_1_154' title='bbox 413 1218 576 1267; x_wconf 80' lang='lat' dir='ltr'>verbis.</span> <span class='ocrx_word' id='word_1_155' title='bbox 621 1217 840 1264; x_wconf 64' lang='lat' dir='ltr'><strong>MILiT.</strong></span> <span class='ocrx_word' id='word_1_156' title='bbox 869 1217 984 1262; x_wconf 75' lang='lat' dir='ltr'>AN.</span> <span class='ocrx_word' id='word_1_157' title='bbox 1013 1231 1088 1261; x_wconf 73' lang='lat' dir='ltr'>xx,</span> <span class='ocrx_word' id='word_1_158' title='bbox 1108 1216 1326 1258; x_wconf 65' lang='lat' dir='ltr'>militavit</span> <span class='ocrx_word' id='word_1_159' title='bbox 1347 1231 1474 1260; x_wconf 74' lang='lat' dir='ltr'>annos</span> <span class='ocrx_word' id='word_1_160' title='bbox 1494 1217 1668 1278; x_wconf 69' lang='lat' dir='ltr'>vzginti.</span> <span class='ocrx_word' id='word_1_161' title='bbox 1712 1215 1904 1263; x_wconf 64' lang='lat' dir='ltr'>Constat</span> 
     </span>
     <span class='ocr_line' id='line_1_18' title="bbox 304 1279 1908 1332; baseline -0.002 0"><span class='ocrx_word' id='word_1_162' title='bbox 304 1286 451 1332; x_wconf 78' lang='lat' dir='ltr'>,etiam</span> <span class='ocrx_word' id='word_1_163' title='bbox 484 1281 771 1330; x_wconf 78' lang='lat' dir='ltr'>muliebrium</span> <span class='ocrx_word' id='word_1_164' title='bbox 806 1291 1210 1327; x_wconf 75' lang='lat' dir='ltr'>monumentorum</span> <span class='ocrx_word' id='word_1_165' title='bbox 1245 1279 1386 1326; x_wconf 78' lang='lat' dir='ltr'>titulis</span> <span class='ocrx_word' id='word_1_166' title='bbox 1413 1280 1805 1328; x_wconf 79' lang='lat' dir='ltr'>matrimoniorum</span> <span class='ocrx_word' id='word_1_167' title='bbox 1830 1297 1908 1328; x_wconf 74' lang='lat' dir='ltr'>an-</span> 
     </span>
     <span class='ocr_line' id='line_1_19' title="bbox 315 1343 1907 1411; baseline -0.005 -14"><span class='ocrx_word' id='word_1_168' title='bbox 315 1367 398 1397; x_wconf 84' lang='lat' dir='ltr'>nos</span> <span class='ocrx_word' id='word_1_169' title='bbox 420 1347 747 1411; x_wconf 80' lang='lat' dir='ltr'>comprehendi</span> <span class='ocrx_word' id='word_1_170' title='bbox 766 1343 1057 1393; x_wconf 76' lang='lat' dir='ltr'>confiieviss&#39;e.</span> <span class='ocrx_word' id='word_1_171' title='bbox 1083 1344 1150 1391; x_wconf 81' lang='lat' dir='ltr'>uti</span> <span class='ocrx_word' id='word_1_172' title='bbox 1174 1349 1358 1404; x_wconf 69' lang='lat' dir='ltr'>propert.</span> <span class='ocrx_word' id='word_1_173' title='bbox 1382 1344 1458 1390; x_wconf 78' lang='lat' dir='ltr'><strong>lib.</strong></span> <span class='ocrx_word' id='word_1_174' title='bbox 1478 1357 1525 1405; x_wconf 85' lang='lat'>4.</span> <span class='ocrx_word' id='word_1_175' title='bbox 1552 1347 1653 1408; x_wconf 77' lang='lat' dir='ltr'><strong>eleg.</strong></span> <span class='ocrx_word' id='word_1_176' title='bbox 1674 1348 1907 1391; x_wconf 71' lang='lat' dir='ltr'><strong>ult.Ma2--</strong></span> 
     </span>
     <span class='ocr_line' id='line_1_20' title="bbox 317 1408 1907 1476; baseline 0 -17"><span class='ocrx_word' id='word_1_177' title='bbox 317 1418 413 1460; x_wconf 68' lang='lat' dir='ltr'><strong>tial.</strong></span> <span class='ocrx_word' id='word_1_178' title='bbox 437 1417 566 1476; x_wconf 78' lang='lat' dir='ltr'><strong>epigr.</strong></span> <span class='ocrx_word' id='word_1_179' title='bbox 606 1418 682 1473; x_wconf 82' lang='lat'>63.</span> <span class='ocrx_word' id='word_1_180' title='bbox 718 1411 791 1458; x_wconf 76' lang='lat' dir='ltr'><strong>lib.</strong></span> <span class='ocrx_word' id='word_1_181' title='bbox 836 1426 907 1458; x_wconf 92' lang='lat' dir='ltr'>1o.</span> <span class='ocrx_word' id='word_1_182' title='bbox 945 1408 1148 1474; x_wconf 68' lang='lat' dir='ltr'>Juvenal.</span> <span class='ocrx_word' id='word_1_183' title='bbox 1183 1416 1323 1472; x_wconf 64' lang='lat' dir='ltr'><strong>Smyr.</strong></span> <span class='ocrx_word' id='word_1_184' title='bbox 1358 1415 1401 1456; x_wconf 90' lang='lat'>6.</span> <span class='ocrx_word' id='word_1_185' title='bbox 1440 1408 1672 1457; x_wconf 81' lang='lat' dir='ltr'>testantur.</span> <span class='ocrx_word' id='word_1_186' title='bbox 1740 1410 1907 1473; x_wconf 82' lang='lat' dir='ltr'>Hujus-</span> 
     </span>
     <span class='ocr_line' id='line_1_21' title="bbox 314 1469 1912 1541; baseline -0.001 -14"><span class='ocrx_word' id='word_1_187' title='bbox 314 1479 445 1527; x_wconf 82' lang='lat' dir='ltr'>modi</span> <span class='ocrx_word' id='word_1_188' title='bbox 470 1477 592 1526; x_wconf 86' lang='lat' dir='ltr'>tituli</span> <span class='ocrx_word' id='word_1_189' title='bbox 613 1477 879 1541; x_wconf 77' lang='lat' dir='ltr'>plerumque</span> <span class='ocrx_word' id='word_1_190' title='bbox 901 1476 995 1539; x_wconf 84' lang='lat' dir='ltr'>ejus</span> <span class='ocrx_word' id='word_1_191' title='bbox 1016 1489 1184 1522; x_wconf 87' lang='lat' dir='ltr'>nomen</span> <span class='ocrx_word' id='word_1_192' title='bbox 1205 1506 1223 1531; x_wconf 78' lang='lat'>‚</span> <span class='ocrx_word' id='word_1_193' title='bbox 1270 1477 1347 1538; x_wconf 82' lang='lat' dir='ltr'>qui</span> <span class='ocrx_word' id='word_1_194' title='bbox 1368 1488 1718 1523; x_wconf 87' lang='lat' dir='ltr'>monumentum</span> <span class='ocrx_word' id='word_1_195' title='bbox 1741 1469 1912 1525; x_wconf 74' lang='lat' dir='ltr'>exstru-</span> 
     </span>
     <span class='ocr_line' id='line_1_22' title="bbox 318 1539 1912 1604; baseline -0.003 -12"><span class='ocrx_word' id='word_1_196' title='bbox 318 1544 450 1593; x_wconf 74' lang='lat' dir='ltr'>xiss‘et</span> <span class='ocrx_word' id='word_1_197' title='bbox 468 1541 767 1591; x_wconf 80' lang='lat' dir='ltr'>continebant</span> <span class='ocrx_word' id='word_1_198' title='bbox 785 1544 875 1590; x_wconf 86' lang='lat' dir='ltr'>hoc</span> <span class='ocrx_word' id='word_1_199' title='bbox 898 1540 1055 1588; x_wconf 78' lang='lat' dir='ltr'>modo.</span> <span class='ocrx_word' id='word_1_200' title='bbox 1077 1540 1112 1586; x_wconf 89' lang='lat' dir='ltr'>I.</span> <span class='ocrx_word' id='word_1_201' title='bbox 1137 1540 1188 1586; x_wconf 90' lang='lat' dir='ltr'>F.</span> <span class='ocrx_word' id='word_1_202' title='bbox 1213 1539 1268 1586; x_wconf 88' lang='lat' dir='ltr'>E.</span> <span class='ocrx_word' id='word_1_203' title='bbox 1290 1542 1341 1587; x_wconf 91' lang='lat' dir='ltr'>P.</span> <span class='ocrx_word' id='word_1_204' title='bbox 1376 1541 1404 1587; x_wconf 92' lang='lat' dir='ltr'>i.</span> <span class='ocrx_word' id='word_1_205' title='bbox 1430 1556 1468 1588; x_wconf 91' lang='lat' dir='ltr'>e.</span> <span class='ocrx_word' id='word_1_206' title='bbox 1488 1543 1560 1585; x_wconf 84' lang='lat' dir='ltr'>ille</span> <span class='ocrx_word' id='word_1_207' title='bbox 1567 1541 1686 1601; x_wconf 86' lang='lat' dir='ltr'>fecit</span> <span class='ocrx_word' id='word_1_208' title='bbox 1705 1543 1912 1604; x_wconf 72' lang='lat' dir='ltr'>&amp;pofhit,</span> 
     </span>
     <span class='ocr_line' id='line_1_23' title="bbox 319 1604 1912 1672; baseline -0.003 -14"><span class='ocrx_word' id='word_1_209' title='bbox 319 1609 566 1658; x_wconf 81' lang='lat' dir='ltr'>Addebant</span> <span class='ocrx_word' id='word_1_210' title='bbox 588 1624 767 1672; x_wconf 80' lang='lat' dir='ltr'>quoque</span> <span class='ocrx_word' id='word_1_211' title='bbox 794 1609 893 1655; x_wconf 78' lang='lat' dir='ltr'>haec</span> <span class='ocrx_word' id='word_1_212' title='bbox 914 1604 1064 1653; x_wconf 81' lang='lat' dir='ltr'>verba.</span> <span class='ocrx_word' id='word_1_213' title='bbox 1097 1606 1149 1651; x_wconf 83' lang='lat' dir='ltr'>B.</span> <span class='ocrx_word' id='word_1_214' title='bbox 1177 1606 1250 1652; x_wconf 85' lang='lat' dir='ltr'>M.</span> <span class='ocrx_word' id='word_1_215' title='bbox 1272 1607 1321 1652; x_wconf 84' lang='lat' dir='ltr'>F.</span> <span class='ocrx_word' id='word_1_216' title='bbox 1350 1607 1378 1652; x_wconf 88' lang='lat' dir='ltr'>i.</span> <span class='ocrx_word' id='word_1_217' title='bbox 1401 1623 1439 1652; x_wconf 89' lang='lat' dir='ltr'>e.</span> <span class='ocrx_word' id='word_1_218' title='bbox 1466 1604 1568 1651; x_wconf 84' lang='lat' dir='ltr'>bene</span> <span class='ocrx_word' id='word_1_219' title='bbox 1590 1611 1775 1651; x_wconf 82' lang='lat' dir='ltr'>merenti</span> <span class='ocrx_word' id='word_1_220' title='bbox 1781 1611 1912 1670; x_wconf 76' lang='lat' dir='ltr'>fecit.</span> 
     </span>
     <span class='ocr_line' id='line_1_24' title="bbox 323 1669 1917 1736; baseline -0.007 -13"><span class='ocrx_word' id='word_1_221' title='bbox 323 1675 448 1723; x_wconf 49' lang='lat' dir='ltr'>Alius</span> <span class='ocrx_word' id='word_1_222' title='bbox 479 1675 616 1720; x_wconf 81' lang='lat' dir='ltr'>etiam</span> <span class='ocrx_word' id='word_1_223' title='bbox 648 1675 907 1736; x_wconf 87' lang='lat' dir='ltr'>reperimus.</span> <span class='ocrx_word' id='word_1_224' title='bbox 952 1672 1014 1717; x_wconf 90' lang='lat' dir='ltr'>T.</span> <span class='ocrx_word' id='word_1_225' title='bbox 1040 1673 1093 1717; x_wconf 90' lang='lat' dir='ltr'>P.</span> <span class='ocrx_word' id='word_1_226' title='bbox 1117 1671 1315 1715; x_wconf 65' lang='lat' dir='ltr'>‘situlum</span> <span class='ocrx_word' id='word_1_227' title='bbox 1346 1673 1495 1731; x_wconf 74' lang='lat' dir='ltr'><strong>posuit.</strong></span> <span class='ocrx_word' id='word_1_228' title='bbox 1562 1669 1704 1736; x_wconf 75' lang='lat' dir='ltr'>Qlod</span> <span class='ocrx_word' id='word_1_229' title='bbox 1743 1672 1776 1718; x_wconf 84' lang='lat' dir='ltr'>fi</span> <span class='ocrx_word' id='word_1_230' title='bbox 1814 1691 1917 1721; x_wconf 86' lang='lat' dir='ltr'>mo-</span> 
     </span>
     <span class='ocr_line' id='line_1_25' title="bbox 322 1734 1915 1789; baseline -0.004 -1"><span class='ocrx_word' id='word_1_231' title='bbox 322 1751 595 1788; x_wconf 78' lang='lat' dir='ltr'>numentum</span> <span class='ocrx_word' id='word_1_232' title='bbox 633 1738 760 1785; x_wconf 78' lang='lat' dir='ltr'>heres</span> <span class='ocrx_word' id='word_1_233' title='bbox 790 1736 962 1784; x_wconf 84' lang='lat' dir='ltr'>fecisset</span> <span class='ocrx_word' id='word_1_234' title='bbox 987 1771 998 1789; x_wconf 88' lang='lat'>,</span> <span class='ocrx_word' id='word_1_235' title='bbox 1044 1734 1408 1783; x_wconf 83' lang='lat' dir='ltr'>adscribebantur</span> <span class='ocrx_word' id='word_1_236' title='bbox 1444 1737 1517 1782; x_wconf 85' lang='lat' dir='ltr'>hae</span> <span class='ocrx_word' id='word_1_237' title='bbox 1549 1736 1736 1784; x_wconf 75' lang='lat' dir='ltr'><strong>SIGLAE.</strong></span> <span class='ocrx_word' id='word_1_238' title='bbox 1768 1744 1832 1789; x_wconf 83' lang='lat' dir='ltr'>H,</span> <span class='ocrx_word' id='word_1_239' title='bbox 1864 1739 1915 1789; x_wconf 78' lang='lat' dir='ltr'>F,</span> 
     </span>
     <span class='ocr_line' id='line_1_26' title="bbox 327 1800 1917 1867; baseline -0.001 -19"><span class='ocrx_word' id='word_1_240' title='bbox 327 1808 355 1852; x_wconf 79' lang='lat' dir='ltr'>i,</span> <span class='ocrx_word' id='word_1_241' title='bbox 385 1822 421 1852; x_wconf 84' lang='lat' dir='ltr'>e.</span> <span class='ocrx_word' id='word_1_242' title='bbox 447 1804 564 1848; x_wconf 74' lang='lat' dir='ltr'>heres</span> <span class='ocrx_word' id='word_1_243' title='bbox 575 1803 703 1861; x_wconf 80' lang='lat' dir='ltr'>fecit.</span> <span class='ocrx_word' id='word_1_244' title='bbox 732 1803 806 1849; x_wconf 80' lang='lat' dir='ltr'>vel</span> <span class='ocrx_word' id='word_1_245' title='bbox 826 1801 1000 1847; x_wconf 83' lang='lat' dir='ltr'>heredes</span> <span class='ocrx_word' id='word_1_246' title='bbox 1016 1804 1222 1860; x_wconf 66' lang='lat' dir='ltr'>fecerum.</span> <span class='ocrx_word' id='word_1_247' title='bbox 1247 1802 1317 1847; x_wconf 87' lang='lat' dir='ltr'>vel</span> <span class='ocrx_word' id='word_1_248' title='bbox 1340 1800 1402 1845; x_wconf 86' lang='lat' dir='ltr'>H.</span> <span class='ocrx_word' id='word_1_249' title='bbox 1431 1801 1484 1847; x_wconf 88' lang='lat' dir='ltr'>F.</span> <span class='ocrx_word' id='word_1_250' title='bbox 1509 1800 1566 1846; x_wconf 91' lang='lat' dir='ltr'>C.</span> <span class='ocrx_word' id='word_1_251' title='bbox 1593 1803 1622 1847; x_wconf 89' lang='lat' dir='ltr'>i.</span> <span class='ocrx_word' id='word_1_252' title='bbox 1647 1817 1686 1847; x_wconf 88' lang='lat' dir='ltr'>c.</span> <span class='ocrx_word' id='word_1_253' title='bbox 1713 1801 1917 1867; x_wconf 51' lang='lat' dir='ltr'>herm-fa-</span> 
     </span>
     <span class='ocr_line' id='line_1_27' title="bbox 323 1865 1917 1936; baseline 0.001 -21"><span class='ocrx_word' id='word_1_254' title='bbox 323 1869 532 1915; x_wconf 70' lang='lat' dir='ltr'>cin-adum</span> <span class='ocrx_word' id='word_1_255' title='bbox 569 1871 760 1929; x_wconf 32' lang='lat' dir='ltr'>cnr-avit.</span> <span class='ocrx_word' id='word_1_256' title='bbox 830 1868 891 1915; x_wconf 81' lang='lat' dir='ltr'>Et</span> <span class='ocrx_word' id='word_1_257' title='bbox 916 1867 1099 1931; x_wconf 80' lang='lat' dir='ltr'>quidem</span> <span class='ocrx_word' id='word_1_258' title='bbox 1125 1865 1155 1913; x_wconf 87' lang='lat' dir='ltr'>fi</span> <span class='ocrx_word' id='word_1_259' title='bbox 1179 1866 1301 1912; x_wconf 85' lang='lat' dir='ltr'>ultro</span> <span class='ocrx_word' id='word_1_260' title='bbox 1322 1866 1450 1912; x_wconf 86' lang='lat' dir='ltr'>heres</span> <span class='ocrx_word' id='word_1_261' title='bbox 1471 1899 1487 1924; x_wconf 81' lang='lat'>‚</span> <span class='ocrx_word' id='word_1_262' title='bbox 1532 1865 1720 1915; x_wconf 87' lang='lat' dir='ltr'>libertus</span> <span class='ocrx_word' id='word_1_263' title='bbox 1743 1869 1816 1921; x_wconf 80' lang='lat' dir='ltr'>sen</span> <span class='ocrx_word' id='word_1_264' title='bbox 1840 1877 1917 1936; x_wconf 75' lang='lat' dir='ltr'>qni</span> 
     </span>
     <span class='ocr_line' id='line_1_28' title="bbox 321 1928 1920 1994; baseline -0.001 -12"><span class='ocrx_word' id='word_1_265' title='bbox 321 1937 432 1982; x_wconf 79' lang='lat' dir='ltr'>alius</span> <span class='ocrx_word' id='word_1_266' title='bbox 464 1933 537 1980; x_wconf 75' lang='lat' dir='ltr'>sua</span> <span class='ocrx_word' id='word_1_267' title='bbox 561 1934 752 1994; x_wconf 81' lang='lat' dir='ltr'>pecunia</span> <span class='ocrx_word' id='word_1_268' title='bbox 774 1931 943 1981; x_wconf 84' lang='lat' dir='ltr'>fecisset</span> <span class='ocrx_word' id='word_1_269' title='bbox 968 1965 983 1991; x_wconf 81' lang='lat'>‚</span> <span class='ocrx_word' id='word_1_270' title='bbox 1029 1928 1335 1978; x_wconf 73' lang='lat' dir='ltr'>scribebantur</span> <span class='ocrx_word' id='word_1_271' title='bbox 1364 1930 1438 1977; x_wconf 87' lang='lat' dir='ltr'>hae</span> <span class='ocrx_word' id='word_1_272' title='bbox 1457 1935 1637 1979; x_wconf 75' lang='lat' dir='ltr'><strong>SioLAE.</strong></span> <span class='ocrx_word' id='word_1_273' title='bbox 1702 1935 1766 1982; x_wconf 91' lang='lat' dir='ltr'>H.</span> <span class='ocrx_word' id='word_1_274' title='bbox 1793 1938 1840 1984; x_wconf 83' lang='lat' dir='ltr'>S,</span> <span class='ocrx_word' id='word_1_275' title='bbox 1866 1940 1920 1988; x_wconf 78' lang='lat' dir='ltr'>P,</span> 
     </span>
     <span class='ocr_line' id='line_1_29' title="bbox 330 1996 1919 2060; baseline 0.003 -14"><span class='ocrx_word' id='word_1_276' title='bbox 330 2003 384 2049; x_wconf 84' lang='lat' dir='ltr'>F.</span> <span class='ocrx_word' id='word_1_277' title='bbox 409 2000 466 2047; x_wconf 92' lang='lat' dir='ltr'>C.</span> <span class='ocrx_word' id='word_1_278' title='bbox 502 1998 620 2042; x_wconf 75' lang='lat' dir='ltr'>heres</span> <span class='ocrx_word' id='word_1_279' title='bbox 644 1999 729 2057; x_wconf 75' lang='lat' dir='ltr'>sua</span> <span class='ocrx_word' id='word_1_280' title='bbox 754 2003 936 2060; x_wconf 55' lang='lat' dir='ltr'>pecnnia</span> <span class='ocrx_word' id='word_1_281' title='bbox 952 1996 1214 2057; x_wconf 66' lang='lat' dir='ltr'>faciendum</span> <span class='ocrx_word' id='word_1_282' title='bbox 1241 1999 1433 2042; x_wconf 72' lang='lat' dir='ltr'>curavit.</span> <span class='ocrx_word' id='word_1_283' title='bbox 1501 1996 1583 2044; x_wconf 87' lang='lat' dir='ltr'>Sin</span> <span class='ocrx_word' id='word_1_284' title='bbox 1602 2015 1710 2046; x_wconf 84' lang='lat' dir='ltr'>vero</span> <span class='ocrx_word' id='word_1_285' title='bbox 1731 2002 1919 2054; x_wconf 87' lang='lat' dir='ltr'>testator</span> 
     </span>
     <span class='ocr_line' id='line_1_30' title="bbox 331 2060 1921 2128; baseline -0.003 -15"><span class='ocrx_word' id='word_1_286' title='bbox 331 2066 429 2113; x_wconf 82' lang='lat' dir='ltr'>fieri</span> <span class='ocrx_word' id='word_1_287' title='bbox 447 2062 632 2128; x_wconf 81' lang='lat' dir='ltr'>juffiffet</span> <span class='ocrx_word' id='word_1_288' title='bbox 654 2062 935 2109; x_wconf 81' lang='lat' dir='ltr'>addebantur</span> <span class='ocrx_word' id='word_1_289' title='bbox 959 2064 1045 2108; x_wconf 81' lang='lat' dir='ltr'>hae.</span> <span class='ocrx_word' id='word_1_290' title='bbox 1081 2063 1147 2108; x_wconf 91' lang='lat' dir='ltr'>H.</span> <span class='ocrx_word' id='word_1_291' title='bbox 1172 2062 1279 2108; x_wconf 89' lang='lat' dir='ltr'>EX.</span> <span class='ocrx_word' id='word_1_292' title='bbox 1303 2060 1365 2106; x_wconf 93' lang='lat' dir='ltr'>T.</span> <span class='ocrx_word' id='word_1_293' title='bbox 1388 2061 1438 2107; x_wconf 90' lang='lat' dir='ltr'>F.</span> <span class='ocrx_word' id='word_1_294' title='bbox 1475 2063 1502 2107; x_wconf 89' lang='lat' dir='ltr'>i.</span> <span class='ocrx_word' id='word_1_295' title='bbox 1530 2077 1568 2107; x_wconf 87' lang='lat' dir='ltr'>e.</span> <span class='ocrx_word' id='word_1_296' title='bbox 1594 2061 1713 2108; x_wconf 84' lang='lat' dir='ltr'>heres</span> <span class='ocrx_word' id='word_1_297' title='bbox 1724 2083 1778 2110; x_wconf 81' lang='lat' dir='ltr'>ex</span> <span class='ocrx_word' id='word_1_298' title='bbox 1792 2067 1921 2125; x_wconf 77' lang='lat' dir='ltr'>testa-</span> 
     </span>
     <span class='ocr_line' id='line_1_31' title="bbox 332 2124 1924 2186; baseline 0.001 -9"><span class='ocrx_word' id='word_1_299' title='bbox 332 2143 471 2177; x_wconf 86' lang='lat' dir='ltr'>mento</span> <span class='ocrx_word' id='word_1_300' title='bbox 494 2128 625 2186; x_wconf 86' lang='lat' dir='ltr'>fecit.</span> <span class='ocrx_word' id='word_1_301' title='bbox 694 2126 738 2172; x_wconf 87' lang='lat' dir='ltr'>Si</span> <span class='ocrx_word' id='word_1_302' title='bbox 775 2140 927 2173; x_wconf 77' lang='lat' dir='ltr'>autem</span> <span class='ocrx_word' id='word_1_303' title='bbox 956 2128 1086 2174; x_wconf 81' lang='lat' dir='ltr'>Vivus</span> <span class='ocrx_word' id='word_1_304' title='bbox 1107 2126 1256 2173; x_wconf 84' lang='lat' dir='ltr'>adhuc</span> <span class='ocrx_word' id='word_1_305' title='bbox 1279 2124 1360 2172; x_wconf 87' lang='lat' dir='ltr'>fibi</span> <span class='ocrx_word' id='word_1_306' title='bbox 1381 2140 1732 2176; x_wconf 87' lang='lat' dir='ltr'>monumentum</span> <span class='ocrx_word' id='word_1_307' title='bbox 1754 2133 1924 2184; x_wconf 82' lang='lat' dir='ltr'>exstru-</span> 
     </span>
     <span class='ocr_line' id='line_1_32' title="bbox 333 2189 1924 2247; baseline 0.003 -5"><span class='ocrx_word' id='word_1_308' title='bbox 333 2194 467 2245; x_wconf 77' lang='lat' dir='ltr'>xisset</span> <span class='ocrx_word' id='word_1_309' title='bbox 500 2189 865 2239; x_wconf 78' lang='lat' dir='ltr'>adscribebantur</span> <span class='ocrx_word' id='word_1_310' title='bbox 899 2193 972 2239; x_wconf 86' lang='lat' dir='ltr'>hae</span> <span class='ocrx_word' id='word_1_311' title='bbox 997 2191 1179 2238; x_wconf 72' lang='lat' dir='ltr'><strong>SioLAE.</strong></span> <span class='ocrx_word' id='word_1_312' title='bbox 1230 2191 1292 2238; x_wconf 91' lang='lat' dir='ltr'>V.</span> <span class='ocrx_word' id='word_1_313' title='bbox 1319 2190 1365 2237; x_wconf 92' lang='lat' dir='ltr'>S.</span> <span class='ocrx_word' id='word_1_314' title='bbox 1385 2191 1438 2237; x_wconf 89' lang='lat' dir='ltr'>F.</span> <span class='ocrx_word' id='word_1_315' title='bbox 1461 2192 1488 2237; x_wconf 90' lang='lat' dir='ltr'>i.</span> <span class='ocrx_word' id='word_1_316' title='bbox 1515 2208 1554 2239; x_wconf 91' lang='lat' dir='ltr'>e.</span> <span class='ocrx_word' id='word_1_317' title='bbox 1579 2192 1726 2242; x_wconf 86' lang='lat' dir='ltr'>Vivus</span> <span class='ocrx_word' id='word_1_318' title='bbox 1752 2195 1834 2244; x_wconf 88' lang='lat' dir='ltr'>fibi</span> <span class='ocrx_word' id='word_1_319' title='bbox 1859 2200 1924 2247; x_wconf 91' lang='lat' dir='ltr'>fe-</span> 
     </span>
     <span class='ocr_line' id='line_1_33' title="bbox 333 2255 1924 2320; baseline -0.003 -12"><span class='ocrx_word' id='word_1_320' title='bbox 333 2263 399 2309; x_wconf 89' lang='lat' dir='ltr'>cit</span> <span class='ocrx_word' id='word_1_321' title='bbox 423 2294 440 2320; x_wconf 80' lang='lat'>,</span> <span class='ocrx_word' id='word_1_322' title='bbox 484 2259 558 2307; x_wconf 85' lang='lat' dir='ltr'>vel</span> <span class='ocrx_word' id='word_1_323' title='bbox 595 2255 655 2303; x_wconf 90' lang='lat' dir='ltr'>V.</span> <span class='ocrx_word' id='word_1_324' title='bbox 679 2257 730 2304; x_wconf 88' lang='lat' dir='ltr'><strong>F.</strong></span> <span class='ocrx_word' id='word_1_325' title='bbox 757 2256 813 2303; x_wconf 91' lang='lat' dir='ltr'>C.</span> <span class='ocrx_word' id='word_1_326' title='bbox 853 2259 999 2306; x_wconf 78' lang='lat' dir='ltr'>Vivus</span> <span class='ocrx_word' id='word_1_327' title='bbox 1030 2256 1129 2303; x_wconf 83' lang='lat' dir='ltr'>fieri</span> <span class='ocrx_word' id='word_1_328' title='bbox 1166 2258 1354 2303; x_wconf 80' lang='lat' dir='ltr'>curavit.</span> <span class='ocrx_word' id='word_1_329' title='bbox 1387 2257 1461 2303; x_wconf 85' lang='lat' dir='ltr'>vel</span> <span class='ocrx_word' id='word_1_330' title='bbox 1498 2257 1558 2304; x_wconf 84' lang='lat' dir='ltr'>V.</span> <span class='ocrx_word' id='word_1_331' title='bbox 1595 2257 1661 2304; x_wconf 93' lang='lat' dir='ltr'>H.</span> <span class='ocrx_word' id='word_1_332' title='bbox 1696 2261 1768 2307; x_wconf 92' lang='lat' dir='ltr'>M.</span> <span class='ocrx_word' id='word_1_333' title='bbox 1806 2263 1851 2310; x_wconf 80' lang='lat' dir='ltr'>S.</span> <span class='ocrx_word' id='word_1_334' title='bbox 1872 2265 1924 2313; x_wconf 73' lang='lat' dir='ltr'>F,</span> 
     </span>
     <span class='ocr_line' id='line_1_34' title="bbox 335 2320 1924 2382; baseline -0.003 -8"><span class='ocrx_word' id='word_1_335' title='bbox 335 2328 364 2374; x_wconf 87' lang='lat' dir='ltr'><strong>i.</strong></span> <span class='ocrx_word' id='word_1_336' title='bbox 390 2343 428 2373; x_wconf 85' lang='lat' dir='ltr'>e.</span> <span class='ocrx_word' id='word_1_337' title='bbox 461 2325 624 2370; x_wconf 82' lang='lat' dir='ltr'>Vivens</span> <span class='ocrx_word' id='word_1_338' title='bbox 657 2321 730 2366; x_wconf 86' lang='lat' dir='ltr'>hoc</span> <span class='ocrx_word' id='word_1_339' title='bbox 765 2336 1086 2367; x_wconf 71' lang='lat' dir='ltr'>monumentum</span> <span class='ocrx_word' id='word_1_340' title='bbox 1091 2320 1180 2378; x_wconf 74' lang='lat' dir='ltr'>fibi</span> <span class='ocrx_word' id='word_1_341' title='bbox 1189 2323 1306 2382; x_wconf 81' lang='lat' dir='ltr'>fecit</span> <span class='ocrx_word' id='word_1_342' title='bbox 1331 2321 1405 2368; x_wconf 84' lang='lat' dir='ltr'>vel</span> <span class='ocrx_word' id='word_1_343' title='bbox 1429 2323 1489 2370; x_wconf 90' lang='lat' dir='ltr'>V.</span> <span class='ocrx_word' id='word_1_344' title='bbox 1518 2323 1562 2370; x_wconf 91' lang='lat' dir='ltr'>S.</span> <span class='ocrx_word' id='word_1_345' title='bbox 1587 2321 1644 2369; x_wconf 86' lang='lat' dir='ltr'>L.</span> <span class='ocrx_word' id='word_1_346' title='bbox 1668 2324 1740 2370; x_wconf 88' lang='grc' dir='ltr'>Μ.</span> <span class='ocrx_word' id='word_1_347' title='bbox 1764 2327 1813 2373; x_wconf 89' lang='grc' dir='ltr'>Ρ.</span> <span class='ocrx_word' id='word_1_348' title='bbox 1851 2333 1924 2376; x_wconf 85' lang='lat' dir='ltr'>vi.</span> 
     </span>
     <span class='ocr_line' id='line_1_35' title="bbox 337 2387 1927 2455; baseline -0.003 -17"><span class='ocrx_word' id='word_1_349' title='bbox 337 2409 443 2438; x_wconf 84' lang='lat' dir='ltr'>vens</span> <span class='ocrx_word' id='word_1_350' title='bbox 451 2389 537 2450; x_wconf 82' lang='lat' dir='ltr'>fibi</span> <span class='ocrx_word' id='word_1_351' title='bbox 560 2392 698 2434; x_wconf 78' lang='lat' dir='ltr'>locum</span> <span class='ocrx_word' id='word_1_352' title='bbox 722 2392 986 2433; x_wconf 73' lang='lat' dir='ltr'>monumenti</span> <span class='ocrx_word' id='word_1_353' title='bbox 997 2388 1146 2450; x_wconf 72' lang='lat' dir='ltr'>positit.</span> <span class='ocrx_word' id='word_1_354' title='bbox 1167 2387 1240 2434; x_wconf 82' lang='lat' dir='ltr'>vel</span> <span class='ocrx_word' id='word_1_355' title='bbox 1266 2387 1325 2435; x_wconf 92' lang='lat' dir='ltr'>V.</span> <span class='ocrx_word' id='word_1_356' title='bbox 1350 2388 1401 2435; x_wconf 90' lang='lat' dir='ltr'>F.</span> <span class='ocrx_word' id='word_1_357' title='bbox 1430 2388 1475 2435; x_wconf 92' lang='lat' dir='ltr'>S.</span> <span class='ocrx_word' id='word_1_358' title='bbox 1499 2389 1552 2435; x_wconf 86' lang='lat' dir='ltr'>E.</span> <span class='ocrx_word' id='word_1_359' title='bbox 1578 2388 1623 2434; x_wconf 87' lang='lat' dir='ltr'>S.</span> <span class='ocrx_word' id='word_1_360' title='bbox 1676 2394 1840 2438; x_wconf 79' lang='lat' dir='ltr'>Vivens</span> <span class='ocrx_word' id='word_1_361' title='bbox 1851 2397 1927 2455; x_wconf 79' lang='lat' dir='ltr'>fe-</span> 
     </span>
     <span class='ocr_line' id='line_1_36' title="bbox 343 2452 1928 2518; baseline 0.004 -16"><span class='ocrx_word' id='word_1_362' title='bbox 343 2462 404 2502; x_wconf 82' lang='lat' dir='ltr'>cit</span> <span class='ocrx_word' id='word_1_363' title='bbox 417 2456 502 2516; x_wconf 76' lang='lat' dir='ltr'>fibi</span> <span class='ocrx_word' id='word_1_364' title='bbox 527 2457 578 2506; x_wconf 52' lang='grc' dir='ltr'>ὄπ</span> <span class='ocrx_word' id='word_1_365' title='bbox 591 2455 697 2514; x_wconf 78' lang='lat' dir='ltr'><strong>fitis.</strong></span> <span class='ocrx_word' id='word_1_366' title='bbox 731 2453 794 2500; x_wconf 87' lang='lat' dir='ltr'>Et</span> <span class='ocrx_word' id='word_1_367' title='bbox 819 2469 920 2517; x_wconf 82' lang='lat' dir='ltr'>quae</span> <span class='ocrx_word' id='word_1_368' title='bbox 941 2455 1026 2501; x_wconf 81' lang='lat' dir='ltr'>alia</span> <span class='ocrx_word' id='word_1_369' title='bbox 1049 2452 1171 2501; x_wconf 84' lang='lat' dir='ltr'>sunt:</span> <span class='ocrx_word' id='word_1_370' title='bbox 1198 2452 1255 2499; x_wconf 93' lang='lat' dir='ltr'>de</span> <span class='ocrx_word' id='word_1_371' title='bbox 1278 2452 1469 2516; x_wconf 82' lang='lat' dir='ltr'>quibus,</span> <span class='ocrx_word' id='word_1_372' title='bbox 1501 2454 1576 2518; x_wconf 90' lang='lat' dir='ltr'>qui</span> <span class='ocrx_word' id='word_1_373' title='bbox 1599 2453 1728 2517; x_wconf 83' lang='lat' dir='ltr'>plura</span> <span class='ocrx_word' id='word_1_374' title='bbox 1752 2457 1928 2509; x_wconf 83' lang='lat' dir='ltr'>defide-</span> 
     </span>
     <span class='ocr_line' id='line_1_37' title="bbox 342 2517 1931 2590; baseline -0.002 -20"><span class='ocrx_word' id='word_1_375' title='bbox 342 2534 410 2570; x_wconf 80' lang='lat' dir='ltr'>rat</span> <span class='ocrx_word' id='word_1_376' title='bbox 432 2555 448 2582; x_wconf 82' lang='lat'>,</span> <span class='ocrx_word' id='word_1_377' title='bbox 491 2520 642 2569; x_wconf 86' lang='lat' dir='ltr'>evolvi</span> <span class='ocrx_word' id='word_1_378' title='bbox 667 2519 839 2583; x_wconf 88' lang='lat' dir='ltr'>poterit</span> <span class='ocrx_word' id='word_1_379' title='bbox 864 2517 1054 2568; x_wconf 72' lang='lat' dir='ltr'><strong>Barnab.</strong></span> <span class='ocrx_word' id='word_1_380' title='bbox 1080 2519 1251 2583; x_wconf 75' lang='lat' dir='ltr'>Briffln.</span> <span class='ocrx_word' id='word_1_381' title='bbox 1270 2517 1345 2569; x_wconf 74' lang='lat' dir='ltr'><strong>lib.</strong></span> <span class='ocrx_word' id='word_1_382' title='bbox 1370 2535 1451 2570; x_wconf 85' lang='lat' dir='ltr'>vn.</span> <span class='ocrx_word' id='word_1_383' title='bbox 1477 2519 1530 2566; x_wconf 84' lang='lat' dir='ltr'>de</span> <span class='ocrx_word' id='word_1_384' title='bbox 1536 2521 1723 2584; x_wconf 76' lang='lat' dir='ltr'>formul.</span> <span class='ocrx_word' id='word_1_385' title='bbox 1743 2537 1845 2590; x_wconf 70' lang='lat' dir='ltr'>pag,</span> <span class='ocrx_word' id='word_1_386' title='bbox 1872 2545 1931 2576; x_wconf 80' lang='lat' dir='ltr'>m,</span> 
     </span>
     <span class='ocr_line' id='line_1_38' title="bbox 341 2584 1279 2650; baseline -0.006 -14"><span class='ocrx_word' id='word_1_387' title='bbox 341 2603 451 2650; x_wconf 85' lang='lat'><strong>700.</strong></span> <span class='ocrx_word' id='word_1_388' title='bbox 473 2602 584 2650; x_wconf 87' lang='lat'><strong>701.</strong></span> <span class='ocrx_word' id='word_1_389' title='bbox 611 2586 821 2649; x_wconf 65' lang='lat' dir='ltr'>70²·fi&#39;q·</span> <span class='ocrx_word' id='word_1_390' title='bbox 1274 2584 1279 2585; x_wconf 46' lang='lat'><em>⁷</em></span> 
     </span>
    </p>

    <p class='ocr_par' dir='ltr' id='par_1_6' title="bbox 1637 2653 1957 2712">
     <span class='ocr_line' id='line_1_39' title="bbox 1637 2653 1957 2712; baseline 0.019 -9"><span class='ocrx_word' id='word_1_391' title='bbox 1637 2661 1674 2712; x_wconf 85' lang='lat'>§.</span> <span class='ocrx_word' id='word_1_392' title='bbox 1699 2653 1787 2704; x_wconf 89' lang='lat' dir='ltr'>VI.</span> <span class='ocrx_word' id='word_1_393' title='bbox 1819 2656 1957 2709; x_wconf 82' lang='lat' dir='ltr'>Chri-</span> 
     </span>
    </p>
   </div>
  </div>
 </body>
</html>
