2143 3081
299 148 406 221 256
547 141 1623 217 J0.N1-cor.A1TRAc·1-AT10

297 251 402 298 dam
436 249 574 298 refert
597 283 614 309 ,
661 264 764 314 quae
796 251 844 299 in
878 249 1057 316 lapideo
1083 248 1377 315 Sarcophago
1416 248 1538 298 hisce
1563 247 1897 302 charaeteribus

298 315 508 379 inscripta
529 314 617 365 fuit
639 331 651 363 :

833 422 1095 492 &IGILIA
1130 441 1355 491 METIA

897 508 1152 555 MASSAE
1193 508 1374 555 FILIA

831 570 1472 686 Merfffffffl

304 762 407 812 Ubi
433 775 479 811 Λ.
504 781 587 828 pro
611 767 668 814 A.
694 768 893 830 ponitur.
956 765 1139 814 Deinde
1162 765 1330 814 5101.AE
1354 763 1612 830 significant
1633 762 1894 814 VOTUM

303 829 556 878 SOLVIT
591 830 859 877 LUBENS
886 830 1178 877 MERlTO.
1214 830 1363 877 Urnas
1390 830 1643 877 hasS1GL1s
1668 830 1896 894 inscriptas

302 892 430 940 fuiss'e
456 893 653 942 testatur.
675 895 731 942 cl.
759 899 836 941 M.
861 896 1049 955 Johann.
1078 892 1306 955 Christoph.
1329 896 1532 938 Olearius
1552 897 1596 938 in
1619 897 1836 954 Mausoleo
1851 900 1895 940 in

305 959 477 1018 Museo.
512 962 542 1004 i.
574 978 607 1004 e.
644 961 729 1005 Von
761 959 1033 1021 heydmschen
1055 958 1411 1020 Todten-To'pffen
1438 956 1541 1003 edit.
1566 955 1728 1020 Jenenfi
1758 975 1899 1021 1701.

306 1023 404 1069 Aut
429 1024 550 1070 enim
571 1026 756 1071 nomina
783 1022 1030 1072 Artificum
1056 1023 1104 1069 δε
1126 1022 1348 1086 opificum
1374 1022 1447 1069 vel
1486 1021 1801 1069 dedicantium
1827 1023 1899 1070 S1-

308 1102 415 1133 Gms
446 1088 789 1151 apponebantur
814 1087 970 1134 Urnae.
1035 1087 1215 1134 Harum
1245 1101 1484 1133 numerum
1509 1088 1698 1152 collegit
1719 1084 1896 1150 Johann.

307 1156 438 1197 Smet.
475 1155 520 1197 in
556 1156 759 1214 antiquit.
782 1153 1113 1215 NoviomagensI
1138 1166 1235 1214 pag.
1260 1169 1319 1197 m.
1351 1156 1452 1211 164.
1486 1157 1586 1212 r65.
1617 1157 1725 1198 166.
1751 1152 1806 1198 E.
1834 1150 1904 1198 G.

309 1228 387 1262 aut
405 1215 548 1263 ALP.
573 1219 626 1263 F.
670 1217 727 1263 S1
743 1232 818 1262 GL
833 1232 880 1262 ΛΕ
903 1216 1127 1278 inscriptae
1156 1216 1291 1261 Urnis
1314 1215 1628 1279 reperiuntur,
1659 1228 1737 1261 aut
1763 1216 1899 1263 Boud.

308 1283 409 1324 Fec.
444 1294 521 1328 aut
559 1283 796 1325 CERIAL.
822 1283 898 1324 M.
923 1295 1024 1342 quae
1061 1281 1413 1341 interpretantur
1445 1277 1739 1326 ALPINUS
1775 1280 1899 1338 fecit.

309 1343 484 1388 Boudns
517 1346 633 1404 fecit
665 1358 743 1392 aut
767 1345 961 1388 Cerialus
984 1360 1116 1388 manu
1141 1343 1251 1390 fecit
1275 1343 1364 1390 &c
1429 1342 1664 1389 Interdum
1692 1344 1828 1391 etiam
1855 1347 1902 1393 in

195 1416 210 1432 ⁸
310 1407 397 1453 illis
428 1410 602 1456 mentio
640 1407 695 1456 fit
725 1408 1007 1455 officinarum
1028 1409 1100 1455 his
1125 1408 1299 1454 Smms.
1358 1406 1458 1453 OF.
1495 1407 1627 1454 BAS.
1663 1408 1802 1455 OFF.
1838 1411 1904 1456 A·-

313 1472 473 1583 {ER
517 1473 657 1522 OFF.
701 1472 762 1520 L.
793 1473 984 1521 FABU.
1016 1472 1155 1521 OFF.
1191 1473 1249 1520 L.
1285 1471 1343 1519 C.
1377 1471 1515 1520 OFF.
1548 1471 1606 1519 L.
1641 1472 1698 1520 C.
1737 1473 1906 1522 VIRI-

383 1608 421 1657 §.
445 1602 556 1650 VII.
587 1603 664 1653 Ab
706 1604 791 1653 illis
833 1618 985 1653 autem
1024 1604 1100 1669 qui
1135 1603 1285 1651 Urnas
1322 1604 1397 1652 seu
1428 1602 1556 1652 Ollas
1591 1603 1908 1668 Sepulchrales

318 1665 588 1716 dedicabant
623 1703 639 1728 ,
685 1670 806 1716 tituli
845 1670 1199 1717 inscribebantur
1231 1672 1321 1716 hoc
1357 1670 1512 1715 modo.
1578 1669 1792 1716 FECIT.
1837 1686 1910 1716 11.

320 1731 541 1778 OLLAS
585 1733 983 1782 CONSERVAE
1026 1733 1197 1779 SUAE.
1264 1732 1485 1780 OLLAS
1533 1748 1603 1780 1v.
1651 1733 1773 1780 SIBI
1820 1732 1911 1780 ET

317 1794 460 1842 SUIS
508 1796 687 1844 EMIT
731 1799 814 1844 AB
862 1798 1040 1845 SOLO
1075 1796 1294 1844 OLLAS
1326 1813 1395 1843 11.
1432 1798 1597 1844 AVIA
1633 1797 1915 1845 HILARA.

316 1858 501 1906 OLLA
544 1861 840 1908 DONATA
885 1864 979 1908 AB.
1015 1862 1073 1908 L.
1106 1861 1367 1908 PORCIO
1400 1860 1823 1910 LUSIMACHO.
1854 1862 1913 1909 L.

317 1920 686 1972 ANTONIUS
720 1926 997 1974 POTHUS
1031 1926 1280 1975 OLLAM
1313 1924 1468 1971 CUM
1500 1926 1771 1974 TITULO
1814 1927 1919 1973 BE·

325 1988 426 2034 NE
474 1990 805 2038 MERENTI
853 1990 1136 2037 SEXTIAE.
1168 1990 1227 2036 L.
1260 1990 1496 2037 ETRIAE
1529 1990 1919 2038 TONSTRICI
1974 2026 1976 2029 ψ

326 2053 573 2099 SEXTIA
595 2055 858 2101 XANTA.
884 2055 1025 2101 SCR.
1054 2055 1386 2101 LIBRARIA
1414 2055 1592 2101 EMIT
1614 2055 1848 2101 OLLAS.
1865 2072 1918 2103 11.

328 2115 473 2177 Qlod
504 2130 656 2164 autem
687 2116 918 2181 saepisfime
954 2135 1035 2180 per
1062 2120 1237 2165 Smnas
1262 2120 1335 2165 hae
1363 2117 1673 2181 inscriptiones
1696 2118 1825 2165 fafitae
1851 2133 1919 2167 te-

328 2180 499 2228 stantur
520 2182 622 2229 haec
642 2181 800 2228 verba:
826 2182 995 2230 MAR.
1018 2181 1171 2228 OLL.
1189 2183 1253 2229 D.
1286 2186 1463 2227 Marito
1486 2186 1632 2228 Ollam
1646 2183 1767 2228 dedit
1787 2184 1919 2231 OE.

332 2248 481 2292 Ollam
505 2250 623 2292 emit.
659 2247 721 2293 O.
749 2248 811 2294 O.
837 2250 934 2292 Olla
958 2247 1150 2307 offiaaria.
1186 2247 1246 2293 O.
1273 2248 1335 2295 V.
1359 2251 1439 2293 ollae
1462 2251 1659 2312 quinque.
1704 2248 1764 2294 O.
1790 2248 1835 2296 S.
1862 2249 1919 2296 E.

333 2311 400 2358 H.
428 2311 496 2357 N.
523 2311 570 2357 S.
613 2313 813 2356 Ollarum
843 2313 976 2372 ftries
1007 2326 1234 2357 externum
1273 2310 1471 2358 heredem
1505 2330 1582 2358 non
1597 2314 1810 2374 sequitur.
1856 2313 1925 2359 O.

333 2377 387 2423 P.
413 2375 478 2422 D.
521 2378 618 2420 Ollae
642 2375 812 2438 publice
839 2377 958 2424 datae.
1026 2377 1087 2423 O.
1115 2377 1177 2423 D.
1204 2377 1263 2424 A.
1288 2377 1349 2424 V.
1372 2381 1472 2424 Olla
1495 2378 1602 2423 data
1624 2376 1652 2422 d
1683 2380 1793 2424 viro.
1861 2378 1925 2424 O.

334 2440 382 2488 S.
409 2441 504 2487 ΡΡ.
537 2443 633 2486 Ollae
653 2444 885 2505 fingnlares
898 2456 1125 2508 perpetuae.

335 2507 433 2567 Qii
463 2506 623 2554 modus
655 2505 876 2555 scribendi
914 2507 1013 2554 satis
1051 2507 1272 2572 superque
1302 2508 1562 2556 testimonio
1587 2505 1830 2555 confirmat
1857 2508 1929 2557 81-

334 2585 401 2618 GL
411 2584 461 2619 As
485 2573 530 2619 in
552 2573 672 2621 urnis
695 2571 744 2622 ὅτ.
771 2572 872 2622 ollis
896 2572 1250 2637 sepulchralibus
1273 2572 1688 2638 frequentatiffimas
1714 2571 1856 2619 fuiffe.

1618 2648 1655 2697 ς.
1682 2638 1818 2687 vm.
1858 2638 1931 2686 Ad
