2143 3081
316 145 424 203 300
562 123 1093 199 J0.N1c0LA1
1149 117 1656 177 TRACTAT10

314 221 387 270 &a
412 224 538 271 clavi.
607 222 737 287 Ergo
762 239 819 270 ex
849 223 944 287 ejus
967 220 1192 268 sententia
1212 220 1443 285 duplicem
1467 219 1595 268 usum
1621 216 1917 284 praebuerunt

312 287 402 334 illae
424 288 570 335 claves
593 289 746 335 annuli
767 287 997 352 fignatorii
1025 286 1074 333 &
1096 285 1247 333 clavis.
1291 285 1438 351 Quod
1465 303 1559 333 non
1579 285 1742 350 potest.
1791 289 1916 337 Nul-

312 352 405 398 lum
442 354 487 399 in
526 354 594 399 his
628 351 828 417 sigillum
865 351 1126 415 impressum
1149 350 1204 397 ad
1235 348 1502 415 signandum
1528 364 1701 414 aptum.
1767 352 1917 401 Merae

313 416 461 464 claves
494 416 594 465 sunt
617 435 722 465 cum
759 418 955 475 annulo,
976 416 1118 481 qualis
1157 415 1205 462 &
1238 414 1378 463 hodie
1414 415 1514 463 fieri
1547 415 1660 463 solet
1686 416 1734 462 in
1756 416 1917 466 nostris

310 481 511 529 clavibus
534 517 549 542 ,
597 499 699 547 quae
736 482 837 530 sunt
870 482 1098 546 longiores
1131 480 1278 547 scapo.
1349 480 1503 544 Digiti
1539 480 1846 529 inserebantur
1868 483 1917 531 &

313 548 465 594 annuli
486 546 736 612 figillatorii
760 565 852 611 quo
876 547 1161 595 commodius
1185 546 1304 594 verti
1329 546 1508 610 possent
1532 547 1649 593 intra
1660 545 1919 594 claustrum,

313 611 509 675 Scapurn
543 615 711 677 quippe
741 630 835 660 non
869 612 1040 661 habent
1063 646 1079 672 ,
1130 628 1221 676 quo
1253 613 1400 659 teneri
1433 624 1634 675 queant,
1671 612 1838 675 quique
1863 612 1918 660 fit

310 675 446 724 instar
468 678 683 726 manubii.
749 679 963 742 Excepto
988 677 1157 724 annulo
1181 690 1295 724 totae
1316 678 1433 724 intra
1457 675 1701 723 claustrum·
1731 675 1918 726 abscon-

309 740 367 788 sae
393 743 732 806 mergebantur.
753 742 846 790 vid.
873 747 1196 789 Zimmerman.
1221 759 1260 790 c.
1290 741 1320 789 l.

376 815 414 863 §.
436 808 522 854 111.
563 808 637 855 Ex
666 808 734 855 his
766 806 898 855 dictis
929 808 1256 871 intelligimus,
1293 806 1487 855 Veteres
1521 807 1668 854 claves
1688 805 1919 865 habuisse,

312 870 474 934 quibus
510 873 699 920 annulus
731 874 865 919 certis
899 870 1232 919 characteribus
1267 871 1533 935 insignitus,
1566 872 1723 920 affixus
1756 873 1919 930 fuerit,

313 936 367 983 ad
392 935 691 1002 obsignandas
716 954 784 984 res
806 937 1058 985 materiales
1083 935 1264 1000 illasque
1288 936 1614 984 custodiendas.
1682 937 1916 1000 Ejusmodi

311 1015 465 1049 autem
499 1004 654 1050 annuli
679 1002 804 1050 fuere
827 1003 1003 1063 claves,
1037 1003 1106 1050 uti
1133 1002 1376 1062 nostrates,
1411 1016 1458 1050 at
1481 1002 1584 1048 loco
1608 1001 1736 1065 longi
1762 1018 1920 1048 manu-

311 1064 398 1113 brii
422 1067 641 1116 tenebant
662 1068 879 1115 annulum
905 1068 1055 1133 digito
1080 1067 1379 1114 inferendum.
1446 1067 1522 1114 De
1549 1068 1638 1114 hoc
1660 1067 1812 1114 annuli
1837 1082 1919 1131 ge-

312 1146 421 1179 nere
443 1135 627 1179 Plautns
649 1136 694 1178 in
718 1132 921 1194 Amphit.
945 1134 1030 1178 αὲἷ.
1058 1149 1098 1178 2.
1114 1134 1176 1193 sc.
1201 1148 1244 1180 z.
1267 1133 1356 1180 ita:

491 1200 552 1244 A.
593 1201 719 1244 Enim
743 1215 844 1243 vero
860 1211 1009 1259 praeter
1031 1199 1122 1241 alia
1146 1201 1279 1242 miror
1303 1198 1512 1242 maxime*

494 1265 544 1308 Si
565 1261 695 1309 habet
716 1261 796 1307 haec
810 1277 1013 1324 pateram
1036 1264 1171 1308 illam.
1208 1266 1251 1308 S.
1272 1265 1348 1307 An
1371 1266 1505 1306 etiam
1527 1260 1576 1305 iol
1599 1261 1769 1316 credis,

496 1328 658 1393 Qam
680 1331 724 1372 in
748 1327 830 1372 hac
853 1326 1004 1384 cistula
1026 1341 1096 1372 tuo
1110 1328 1226 1391 signo
1250 1325 1456 1391 oe'qfigmzta
1470 1328 1641 1388 ferunt.

317 1392 345 1437 i.
369 1407 405 1437 e.
428 1394 597 1440 annulo
619 1407 716 1442 tuo.
765 1395 933 1438 Plinius
957 1391 1029 1437 lib„
1061 1407 1133 1455 33.
1163 1410 1198 1436 c.
1229 1409 1267 1439 1.
1294 1393 1441 1439 nullos
1469 1392 1656 1439 annulos
1680 1391 1726 1438 ὅ(
1752 1389 1919 1455 specian

315 1457 399 1503 tim
434 1457 518 1504 hos
561 1457 618 1505 ad
649 1459 796 1505 claves
831 1457 964 1505 rebus
998 1457 1304 1505 custodiendis
1328 1458 1567 1516 inventos,
1598 1458 1692 1515 ait,
1724 1456 1921 1503 extitisse

271 1577 273 1579 ¹
314 1521 585 1585 tempestate
610 1526 796 1570 Homeri
818 1555 834 1582 ,
878 1523 988 1570 dum
1015 1522 1167 1570 scribit
1194 1540 1202 1568 ε
1251 1526 1352 1568 Nec
1376 1526 1527 1567 Iliacis
1551 1520 1803 1589 tempo-ihm
1829 1524 1922 1566 illos

306 1588 435 1646 ἸῘῖἰῑβῖε
470 1591 645 1634 annulos
679 1589 805 1634 video
831 1610 845 1634 ε’
887 1589 1098 1651 nustqnam
1133 1603 1245 1633 certe
1268 1593 1483 1634 Homerus
1510 1587 1620 1632 dicit
1646 1620 1662 1645 ‚
1703 1604 1838 1648 quum
1868 1588 1920 1635 ὠ

317 1651 521 1697 codicillis
557 1656 774 1714 miffitatos
796 1653 1064 1717 epistolarum
1079 1657 1235 1718 gratia
1261 1653 1417 1699 indicit
1442 1672 1461 1704 ‚-
1512 1656 1563 1702 ὠ
1593 1651 1785 1698 conditas
1807 1654 1924 1696 arcis

316 1715 476 1776 vestes,
522 1736 575 1764 ac
597 1721 704 1780 vaslo
730 1737 867 1765 aurea
891 1734 1180 1783 argenteaque
1206 1722 1258 1768 (ῥ’
1285 1736 1334 1763 ea
1361 1722 1555 1782 colltgata
1581 1717 1708 1774 nodi,
1744 1734 1819 1761 non
1843 1733 1920 1760 an-

317 1784 410 1826 nuli
442 1796 539 1827 nota
562 1805 575 1829 .-
624 1784 673 1831 &
698 1801 823 1831 mox.
867 1787 1068 1846 Denique
1087 1786 1393 1845 utplurimum
1420 1799 1541 1845 opum
1559 1784 1723 1843 scelera
1750 1784 1920 1826 annulis

321 1849 427 1900 finit.
493 1849 615 1919 Qiae
637 1849 724 1896 fuit
748 1849 823 1895 illa
847 1849 1098 1913 piiscorum
1120 1851 1241 1907 vita,
1277 1849 1418 1912 qualis
1444 1848 1703 1895 innocentia
1719 1880 1735 1906 3
1768 1847 1815 1893 in
1837 1861 1925 1909 qua

315 1912 430 1959 nihil
452 1910 743 1977 fignabatur?
775 1927 821 1961 at
845 1930 967 1961 nunc
992 1914 1083 1961 cibi
1106 1930 1286 1978 quoque
1314 1931 1365 1961 ac
1392 1927 1525 1978 potus
1548 1912 1834 1961 vindicantur
1847 1928 1928 1959 crn-

316 1978 426 2025 nulo
447 1976 472 2025 a
496 1981 663 2043 rapina.
696 2008 764 2018 —-
792 2011 860 2020 --
889 2011 955 2020 --
987 1981 1136 2027 Aliter
1158 1979 1279 2043 apud
1313 1980 1521 2043 antiquos
1555 1978 1717 2042 singuli
1754 1976 1924 2024 Marci-

316 2059 448 2105 pores
474 2043 783 2108 Luciporesve
805 2045 1097 2093 dominorum
1120 2046 1316 2109 gentiles
1337 2062 1522 2093 omnem
1546 2043 1718 2090 victum
1745 2043 1793 2088 in
1818 2058 1926 2105 pro-

318 2108 487 2155 miscuo
519 2109 750 2157 habebant
776 2146 786 2163 ‚
838 2126 923 2156 nec
959 2111 1051 2156 ulla
1087 2111 1215 2156 domi
1250 2110 1453 2157 custodia
1480 2107 1505 2156 a
1528 2107 1786 2155 domesticis
1811 2123 1927 2170 opus

315 2187 410 2221 erat
435 2191 445 2220 :
494 2191 615 2222 nunc
641 2173 870 2238 rapiendae
897 2188 1218 2238 comparantur
1243 2176 1390 2237 epulae
1417 2209 1433 2232 .,
1479 2175 1733 2238 pariterque
1760 2173 1837 2235 qui
1859 2190 1932 2220 ra·

317 2240 449 2303 piunt
483 2256 553 2286 eas
575 2273 590 2297 ,
636 2239 685 2287 ὃ(
720 2240 867 2287 claves
905 2255 1087 2303 quoque
1120 2241 1231 2304 ipsas
1259 2239 1444 2305 fignass'e
1465 2256 1558 2286 non
1581 2237 1646 2285 est
1670 2237 1784 2285 satis.
1852 2238 1930 2286 De

314 2306 405 2351 hoc
438 2305 607 2353 annulo
641 2304 698 2351 ad
731 2305 881 2353 claves
904 2306 1052 2350 Tacit.
1081 2322 1115 2349 c.
1144 2322 1191 2364 9.
1216 2308 1360 2351 annal.
1380 2304 1635 2353 describens
1672 2319 1821 2350 mores
1847 2307 1932 2349 Vo-

315 2374 430 2414 nonis
455 2371 716 2416 Parthorum
739 2372 888 2434 Regis
914 2405 931 2430 ,
981 2386 1118 2434 quem
1147 2371 1304 2418 locum
1329 2370 1508 2435 Lipsius
1530 2370 1634 2418 loco
1656 2382 1762 2415 ante
1786 2370 1929 2416 citato

313 2436 565 2484 luculenter
594 2437 833 2500 explicuit.

378 2499 419 2563 §.
443 2502 530 2550 IV.
570 2502 706 2549 Nihil
737 2499 860 2548 aliud
898 2500 1048 2564 itaque
1084 2518 1168 2564 per
1206 2502 1422 2549 annulum
1461 2502 1516 2550 ad
1541 2501 1689 2548 claves
1715 2498 1932 2563 intelligi-

312 2576 385 2612 tur
409 2600 419 2620 ‚
467 2566 605 2631 quam
634 2567 823 2616 annulus
855 2563 1156 2630 figillatricius
1182 2600 1198 2628 ,
1249 2569 1326 2633 qui
1360 2567 1501 2617 habet
1523 2564 1933 2679 CHARACffgg
