2143 3081
535 155 641 211 DE
697 153 975 212 S1et1s
1027 156 1458 216 Vis-renum.
1687 177 1790 238 303

197 259 311 306 vitio
330 270 556 316 verteret,
574 257 605 304 si
630 258 720 304 hoc
748 257 852 304 loco
876 257 1027 305 annuli
1058 258 1287 322 fignatorii
1307 259 1361 306 ad
1386 253 1622 323 signandos
1646 258 1795 306 saccu-

199 322 293 383 los,
326 325 607 370 mentionem
642 323 903 369 faceremus.
965 324 1142 370 Verum
1163 323 1221 369 de
1244 324 1311 370 his
1336 323 1513 370 abunde
1539 330 1796 370 Fortunatas

199 391 376 433 Lice-ms
413 388 488 434 lib.
523 388 575 433 de
606 390 751 432 annul.
777 402 866 448 cap.
894 403 985 434 xri.
1002 403 1100 452 pag.
1124 388 1199 434 62.
1224 394 1301 448 63.
1325 390 1450 453 egit,
1486 389 1597 453 ergo
1622 388 1794 436 [Αἰθίο-

199 467 267 500 res
287 453 393 501 illuc
419 455 702 501 remittimus.
725 453 1000 501 Conferatur
1024 455 1160 500 etiam
1184 453 1439 500 Kirchman.
1461 455 1546 501 loc.
1572 457 1728 502 citato.

262 524 297 573 §.
326 518 412 566 IX.
447 519 659 582 Denique
696 518 772 566 hic
802 517 930 566 lubet
963 517 1202 565 anneetere
1230 518 1406 566 Smms
1430 520 1699 567 annulorum
1726 521 1795 568 in-

198 580 372 630 fantum
394 583 718 647 expositorum.
757 583 830 630 De
857 584 925 630 his
950 586 1122 630 Terent.
1145 587 1313 630 Heaut.
1334 586 1416 630 αὲἶ.
1440 600 1484 646 4.
1502 587 1565 645 sc.
1596 601 1633 632 1.
1666 585 1794 633 Hine

195 647 415 712 colligere
449 650 555 696 licet
579 683 595 708 ‚
641 649 763 712 quod
794 647 1023 696 infantulis
1043 682 1058 708 ‚
1105 666 1210 697 cum
1243 663 1607 713 exponerentur,
1643 651 1796 697 annuli

195 714 329 760 certis
355 713 516 762 Smms
541 714 689 762 notati
711 714 829 773 dati,
865 715 939 761 vel
960 715 1007 762 in
1031 728 1205 775 partem
1232 728 1524 778 paternorum
1549 713 1794 773 bonorum,

198 777 270 823 vel
306 779 352 825 in
384 793 657 843 oportunam
683 777 991 842 expositorum
1012 780 1324 843 agnitionem,
1360 779 1404 825 id
1431 779 1552 842 quod
1579 779 1676 826 fieri
1702 797 1795 827 non

197 843 442 905 potuisset,
490 842 571 890 nisi
602 860 682 907 per
720 843 898 891 SioLAs
931 844 1021 890 hoc
1055 843 1203 891 fuiss'et
1236 844 1496 890 indicatum.
1565 844 1797 891 Testimo-

198 907 324 953 nium
361 908 492 970 hujus
528 908 673 955 adfert
706 909 964 953 Heliodorus
999 907 1073 953 lib.
1111 910 1152 953 8.
1192 905 1242 958 (ξ’
1290 925 1361 955 10.
1396 910 1442 955 in
1476 909 1757 972 AEthiopicis
1782 947 1794 964 ,

197 972 320 1034 quod
344 975 509 1025 Perfina
533 974 719 1037 Regina
744 974 1025 1036 AEthiopum
1061 973 1200 1020 filiam
1239 986 1388 1020 natam
1412 990 1515 1019 cum
1541 973 1671 1020 fascia
1697 991 1797 1021 mo-

197 1036 362 1084 nilibus
395 1038 443 1084 &
468 1039 661 1101 gemmis
685 1070 700 1095 ‚
748 1039 866 1084 inter
891 1054 998 1100 quas
1021 1038 1209 1084 annulus
1233 1050 1328 1084 erat
1352 1038 1585 1100 pronubus
1613 1057 1637 1085 a
1661 1041 1796 1102 Rege

196 1100 369 1148 dudum
403 1101 572 1165 sponsae
604 1102 733 1148 datus
757 1102 805 1148 δί
826 1101 854 1148 S
870 1117 929 1148 1G
945 1117 1005 1147 LI
1023 1118 1041 1148 s
1070 1100 1143 1147 seu
1168 1102 1305 1148 literis
1328 1100 1591 1165 quibusdam
1619 1101 1765 1166 pietus
1782 1138 1796 1163 ‚

195 1166 454 1229 exposuerit
479 1203 490 1220 ,
537 1166 664 1229 cujus
694 1165 862 1213 indicio
894 1168 1080 1229 cognita
1104 1166 1328 1212 Chariclia
1357 1165 1450 1212 filia
1476 1167 1656 1231 Regis,
1693 1167 1793 1231 post

194 1230 358 1278 multas
394 1247 613 1278 aerumnas
637 1231 821 1278 tandem
845 1230 1014 1278 dile&o
1037 1232 1280 1295 Theageni
1305 1230 1519 1293 nupserit.
1589 1233 1698 1279 Huc
1724 1249 1795 1280 re-

193 1293 375 1343 censere
400 1296 626 1360 possumus
648 1297 836 1342 annulos
862 1296 909 1342 in
930 1295 1139 1360 sepulcris
1161 1295 1330 1360 positos
1357 1295 1576 1360 simulque
1599 1314 1703 1344 cum
1719 1314 1794 1345 ca-

192 1361 356 1418 davere
392 1361 638 1408 tumulatos
663 1398 673 1414 ,
721 1377 914 1425 quorum
953 1362 1162 1408 meminit
1200 1364 1322 1407 citat.
1365 1364 1539 1406 Licetns
1557 1377 1655 1426 pag.
1687 1377 1791 1423 243.

196 1425 266 1474 his
286 1425 449 1473 διε-’,ωε
474 1426 789 1489 inscriptorum
812 1427 888 1488 ffl.
915 1427 975 1472 D.
1002 1427 1036 1473 I.
1062 1427 1118 1473 A.
1146 1426 1222 1488 »Β
1247 1426 1309 1472 Ι).
1336 1426 1372 1472 1.
1397 1425 1451 1472 Z.
1481 1427 1558 1488 ᾖ.
1586 1428 1629 1473 S.
1655 1429 1712 1474 A.
1736 1429 1788 1474 B.

194 1492 272 1554 »1«.
311 1491 367 1537 Ζ.
397 1492 473 1554 »1«.
508 1491 572 1538 H.
601 1491 661 1537 G.
687 1492 911 1554 F.»1<.ss.
936 1491 988 1537 F.
1015 1492 1077 1537 R.
1103 1491 1149 1537 S.
1176 1491 1253 1553 ὦ.
1277 1489 1333 1536 Ζ.
1358 1507 1458 1554 quae
1487 1493 1547 1537 ita
1575 1493 1789 1555 explicari

191 1554 389 1620 possunt.
427 1555 629 1604 CRUX
655 1556 921 1604 DOMINI
950 1555 1402 1618 JANVERSIUM
1422 1556 1793 1619 ADJUTRIX.

189 1621 388 1671 CRUX
405 1621 727 1670 DESTRUE
750 1621 1040 1668 INSIDIAS
1056 1621 1318 1669 ZABULI.
1345 1619 1542 1668 CRUX
1570 1621 1791 1671 SALVA

192 1686 460 1734 ANIMAS
495 1686 937 1734 BARDIORUM.
986 1686 1184 1734 CRUX
1218 1686 1524 1733 ZELOTIS.
1592 1687 1790 1734 CRUX

190 1751 386 1800 HAVE
417 1751 725 1799 GENTEM
759 1751 957 1798 FOVE.
1006 1751 1205 1799 CRUX
1235 1750 1638 1800 BENEDICTA
1676 1752 1791 1799 FU.

190 1817 285 1865 GA
320 1816 671 1864 REBELLES
708 1816 1042 1863 SPIRITUS:
1080 1815 1277 1863 CRUX
1310 1815 1595 1864 ZELARE.

253 1891 291 1940 §.
313 1881 378 1929 X.
414 1880 485 1928 Ut
525 1883 661 1928 etiam
698 1882 848 1944 paucis
881 1897 1064 1944 agamus
1090 1881 1147 1927 de
1174 1881 1331 1927 StoLis
1357 1879 1692 1929 SERARUM
1716 1899 1789 1929 or-

193 1946 253 2010 do
288 1946 487 2011 requirit.
553 1947 748 1994 Certum
786 1945 848 1993 est
881 1947 991 1992 olim
1017 1946 1143 1993 Seras
1182 1944 1536 1992 artificiofiffime
1562 1945 1789 1994 confecff’cas

192 2012 343 2071 fuisse,
378 2028 480 2075 quae
505 2011 704 2059 clavibus
727 2012 886 2075 aperiri
910 2027 1009 2070 non*
1025 2023 1234 2076 poterant
1260 2044 1276 2070 ‚
1323 2009 1557 2058 sedcertae
1581 2013 1789 2075 quaedam

190 2078 335 2125 {iterae
357 2076 648 2125 observandae
669 2090 821 2135 erant3
857 2091 959 2140 quae
980 2077 1182 2124 iffunam
1206 2090 1370 2122 vocem
1403 2075 1607 2123 colleffcae
1631 2111 1646 2136 ‚
1691 2076 1788 2125 effi·

190 2141 373 2190 ciebant
397 2175 414 2202 ‚
457 2155 509 2189 ut
531 2143 639 2189 Sera
675 2140 853 2188 reserari
886 2143 1099 2205 potuerit.
1168 2139 1403 2199 Eiusmodi
1436 2139 1573 2188 seram
1598 2141 1790 2205 postide-

191 2221 292 2256 mus
327 2223 385 2254 ex
420 2205 593 2270 septem
626 2207 803 2254 circulis
840 2205 914 2253 seu
954 2207 1126 2253 annulis
1163 2202 1438 2252 volubilibus
1480 2206 1787 2269 constantem,

191 2272 271 2320 ubi
295 2272 464 2337 primus
487 2273 555 2318 his
581 2271 720 2319 literis
743 2269 955 2334 signatus.
980 2271 1038 2316 L.
1065 2272 1114 2317 P.
1139 2269 1183 2317 S.
1210 2271 1262 2316 B.
1291 2270 1325 2316 Ι.
1352 2268 1463 2317 alter
1489 2271 1626 2318 literis
1649 2286 1786 2321 caret.

191 2337 378 2386 Tertius
411 2337 467 2384 E.
502 2337 568 2384 H.
606 2338 678 2383 M.
720 2336 789 2382 N.
822 2337 888 2398 Q
919 2337 981 2383 T.
1017 2337 1234 2398 Quartus.
1269 2336 1325 2382 A.
1357 2335 1408 2381 F.
1439 2336 1490 2381 B.
1527 2337 1589 2383 K.
1625 2336 1688 2384 X.
1722 2339 1785 2385 D.

189 2404 409 2467 Quintus.
433 2403 498 2450 R.
519 2402 572 2450 P.
598 2400 658 2446 O.
683 2402 747 2448 Y.
769 2401 827 2447 C.
852 2399 915 2447 T.
942 2401 1117 2448 Sextus.
1140 2401 1217 2463 iffi.
1240 2399 1297 2447 C.
1324 2401 1386 2447 V.
1412 2401 1463 2447 P.
1490 2400 1534 2447 S.
1563 2418 1602 2464 3.
1639 2402 1787 2466 Septi·

190 2482 305 2516 mus.
328 2470 364 2515 1.
388 2467 446 2515 C.
476 2483 516 2529 3.
544 2468 580 2514 I.
603 2466 654 2513 F.
691 2467 784 2513 Hae
821 2465 922 2514 sunt
959 2467 1101 2514 literae
1126 2465 1278 2525 Serae,
1310 2481 1411 2528 quae
1435 2482 1548 2518 non,
1587 2466 1668 2514 nifi
1695 2468 1787 2516 col»

190 2532 307 2582 „le-&ca
329 2549 445 2582 voce
470 2531 717 2582 ISRAEL
738 2533 898 2592 aperiri
923 2530 1087 2596 potest.
1155 2530 1219 2580 Et
1243 2533 1343 2578 litte
1368 2529 1600 2580 sufficiant.

1688 2661 1762 2711 CA
1773 2694 1789 2702 -->
