2143 3081
257 105 361 161 150
517 85 1027 163 J0.N100LA1
1078 84 1565 141 TR'AcTA‘r‘xo

246 193 396 252 pacis,
432 191 579 232 Rehior
604 184 728 231 orbis.
796 185 1111 249 Qualestituli
1139 185 1370 250 saepiffime
1391 187 1440 232 in
1463 185 1658 233 nummis
1682 201 1842 234 occur-

253 267 373 301 runt.
443 254 524 299 Dii
546 266 727 313 quoque
750 251 807 298 ab
828 251 1183 314 imperatoribus
1207 252 1318 298 culti
1343 273 1360 307 3
1402 252 1553 313 itaque
1576 251 1623 296 in
1645 253 1840 300 nummis

255 319 434 365 illorum
459 317 623 362 horum
647 315 764 378 ssepe
790 315 844 362 fit
868 317 1070 374 mentm,
1105 330 1158 363 ut
1178 319 1314 376 Jovis
1345 318 1648 367 conservatoris
1672 347 1690 374 ,
1734 319 1841 359 Pro-

248 384 516 445 pugnatoris,
555 383 749 426 Statoris.
783 384 956 425 *Martis
976 383 1140 425 ultoris.
1207 380 1482 428 Notandum
1503 394 1682 437 autem,
1714 381 1839 440 quod

256 446 375 492 tituli
399 448 727 507 Imperatorum
756 459 833 492 aut
857 446 904 492 in
927 446 1210 493 nominativo
1233 445 1368 509 pofiti
1391 444 1586 503 fuerint,
1620 457 1673 491 ut
1687 442 1842 491 CAE-

257 510 383 557 SAR
408 508 779 557 AUGUSTUS
806 543 821 568 ‚
868 524 944 556 aut
968 513 1167 554 Genitivo
1189 546 1201 565 ‚
1246 522 1323 557 aut
1346 513 1539 556 Dativo:
1567 509 1617 556 &
1648 509 1696 555 hi
1717 509 1842 557 tituli

254 576 396 639 magis
420 573 652 638 personam
679 573 986 638 respiciebant.

319 649 354 696 ᾗ.
383 641 467 688 VI.
504 639 685 686 Deinde
721 640 856 686 edam
889 639 1010 686 tituli
1040 642 1276 684 civitatum
1302 675 1314 692 ,
1359 640 1724 697 Prwhzcfflmm,
1748 637 1843 697 flu·

255 707 426 749 viarum
450 704 803 767 adjiciebantur3
842 702 1043 750 similiter
1066 707 1364 763 exercituum,
1398 703 1619 748 Ludormn
1646 704 1693 750 &
1717 709 1843 750 Voto-

254 786 355 813 rum
374 768 641 829 pablicorum
657 802 671 825 ,
707 768 867 832 quibus
884 768 1159 830 'potestatem
1184 767 1436 831 significare
1460 769 1702 816 voluerunt
1725 802 1740 827 ,
1786 767 1844 813 de

257 832 416 896 quibus
440 833 690 895 Scriptores
721 834 786 878 rei
821 834 1084 878 nummariae
1116 833 1284 878 consuli
1310 846 1540 895 poterunt.
1606 835 1728 880 Mox
1749 834 1845 879 aliis

259 897 401 944 titulis
423 896 677 944 utebantur.
740 897 884 956 Julius
906 896 1056 943 Caesar
1077 910 1318 943 contentus
1340 911 1435 944 erat
1468 898 1682 960 appellari
1710 903 1848 958 Impe-

258 976 413 1019 rator-‚
462 964 664 1006 Dt'fffator
675 976 926 1022 perpetuus,
956 976 1082 1022 pater
1111 964 1272 1022 patriae.
1337 962 1520 1009 Deinde
1545 977 1715 1009 nomen
1739 963 1846 1008 Cae-

259 1025 358 1073 saris
392 1026 595 1073 additum
619 1048 634 1082 3
681 1043 791 1072 mox
818 1027 1007 1086 Censbres
1024 1028 1217 1087 perpetui
1246 1027 1397 1073 vocari
1422 1028 1678 1074 voluerunt.
1743 1024 1846 1073 Imo

259 1091 308 1137 &
329 1091 410 1136 Dii
445 1090 619 1138 salutari
648 1090 984 1149 desiderabant,
1016 1092 1083 1137 uti
1105 1092 1390 1136 Aurelianus.
1458 1093 1527 1139 Ita
1558 1092 1850 1138 inveniuntur

260 1155 511 1203 Commodi
531 1156 731 1212 nummi,
768 1156 815 1201 in
837 1173 1027 1219 quornm
1049 1154 1221 1217 postica
1244 1156 1498 1218 Imperator
1521 1155 1598 1201 sub
1628 1158 1746 1216 Iovis
1757 1156 1849 1203 for-

261 1237 334 1267 ma
357 1220 506 1280 sedet,
541 1221 596 1266 ad
616 1219 752 1283 pedes
773 1220 918 1283 aquila
941 1220 1214 1281 conspicitur
1233 1253 1249 1278 ‚
1294 1221 1342 1266 in
1360 1237 1499 1268 manu
1524 1220 1697 1268 fulmen
1718 1239 1738 1271 ;
1780 1223 1849 1268 in·

261 1285 475 1348 scriptum
515 1285 616 1331 est:
659 1285 801 1345 JOV.
837 1285 1162 1331 EXSUPER.
1198 1286 1226 1331 i.
1256 1300 1294 1330 e.
1331 1282 1432 1348 Jovi
1455 1286 1851 1346 exsupemnttffimm

264 1351 330 1398 Et
362 1352 458 1413 quis
493 1365 648 1396 omnes
673 1350 1004 1412 Imperatorum
1040 1349 1197 1395 titulos
1216 1362 1439 1396 enarraret
1463 1349 1481 1396 ?
1514 1352 1561 1395 ni
1583 1352 1679 1413 quis
1699 1363 1851 1398 totum

263 1416 480 1462 volumen
526 1413 807 1460 conscribere
854 1413 911 1460 de
945 1414 1031 1460 iliis
1077 1413 1225 1460 vellet.
1263 1413 1518 1461 consulatur
1549 1414 1606 1461 de
1652 1416 1720 1462 his
1751 1415 1852 1462 An-

263 1480 364 1543 glus
404 1477 676 1526 doctiffimus
719 1477 941 1540 Johmmes
984 1476 1180 1524 Scldenus
1220 1477 1276 1523 'de
1313 1481 1454 1524 titulis
1490 1477 1703 1526 honorum.
1740 1480 1852 1529 edit.

260 1546 456 1604 Francofi
1606 1592 1610 1595 χ

328 1615 364 1663 §.
389 1609 502 1657 VII.
535 1608 624 1654 His
647 1610 798 1671 itaque
821 1610 1068 1665 accuratius
1092 1605 1323 1670 pensitatis
1343 1625 1481 1656 ovum
1507 1626 1598 1655 ovo
1621 1611 1700 1656 vix
1734 1610 1853 1658 simi-

264 1674 348 1727 lius
382 1672 467 1719 effe
502 1673 670 1735 poterit
692 1705 708 1730 ‚
753 1689 886 1736 quam
918 1672 1172 1719 nostrorum
1195 1672 1513 1746 numismaggm
1535 1673 1854 1736 Inscriptiones

264 1755 370 1785 cum
394 1739 713 1784 Romanorum
745 1754 1035 1784 nummorum
1070 1726 1460 1800 Inscriptionibt'is:
1502 1737 1855 1801 Conspiciuntur

266 1804 315 1849 in
335 1802 493 1849 nostris
517 1804 711 1859 nummis
741 1802 959 1865 imagines
981 1807 1312 1863 Imperatorum,
1352 1808 1544 1866 Regum,
1578 1805 1850 1863 Heliorum,

267 1871 451 1913 Ducum
466 1903 476 1920 ,
517 1870 760 1927 Principum
776 1903 786 1919 ,
828 1870 1041 1910 Comitum
1057 1903 1067 1918 ‚
1103 1867 1151 1913 ἃ
1172 1865 1249 1912 ubi
1276 1867 1492 1929 ejusmodi
1518 1869 1667 1930 capita
1687 1868 1762 1916 seu
1786 1868 1852 1917 ef·

273 1931 405 1995 figies
427 1930 614 1990 desunt,
649 1931 866 1978 indicium
891 1931 982 1989 est,
1015 1932 1098 1978 hos
1119 1948 1329 1978 nummos
1367 1932 1575 1995 permiffu
1601 1934 1852 1996 Imperato-

270 1999 327 2043 ris
358 1995 382 2043 a
403 1996 604 2044 Civitate
637 1997 827 2059 quadam
865 1994 1017 2042 libera
1039 1995 1164 2043 cusos
1196 1995 1335 2043 fuifi‘e.
1405 1997 1639 2044 Interdum
1674 2015 1854 2062 quoque
1908 2018 1920 2029 ·

271 2062 380 2109 duas
402 2060 476 2107 vel
498 2062 633 2107 etiam
656 2061 804 2122 plures
826 2062 1042 2122 imagines
1064 2060 1193 2107 fimul
1214 2059 1431 2121 expressas
1452 2061 1604 2109 videre
1617 2062 1723 2110 licet
1737 2097 1753 2122 ,
1787 2064 1856 2110 uti

274 2129 322 2174 in
345 2125 541 2173 nummis
561 2124 753 2186 antiquis
776 2123 1036 2187 quibusdam
1053 2124 1284 2170 Saxonicis
1299 2161 1309 2176 ,
1347 2125 1396 2172 ἃ
1421 2126 1467 2172 ni
1487 2125 1710 2187 fallimur,
1745 2128 1856 2188 ejus-

272 2192 400 2238 modi
435 2205 643 2236 nummus
669 2188 694 2234 ἱ
717 2188 1005 2235 Sereniffimis
1029 2187 1237 2235 Ducibus
1260 2189 1672 2239 Brunswicenfibus
1696 2186 1856 2239 Ru'dol-

264 2257 344 2324 pho
368 2253 565 2318 Augusto
591 2253 638 2300 &
653 2256 834 2298 Antonio
860 2256 995 2298 Ulrz'co
1019 2253 1226 2313 excusus,
1260 2252 1339 2300 ubi
1365 2253 1426 2301 ob
1447 2258 1738 2304 concordiam
1752 2259 1855 2306 duae

273 2321 404 2370 simul
426 2320 643 2383 imagines
665 2317 922 2381 conspectui
951 2318 1234 2365 exhibentur.
1279 2317 1382 2365 Imo
1406 2321 1667 2384 quibusdam
1688 2341 1857 2373 nomen

272 2395 387 2440 mrv
411 2383 614 2431 additum
635 2420 645 2436 ‚
691 2383 1071 2446 quemadmodum
1090 2384 1227 2430 talem
1253 2383 1357 2430 cudi
1382 2387 1554 2433 curavit
1581 2387 1858 2438 Christianus

274 2452 364 2498 IV,
390 2450 552 2497 Daniae
575 2449 679 2505 Rex
709 2450 822 2511 pius.
892 2448 966 2494 En
989 2463 1242 2497 accuratam
1267 2451 1630 2499 convenientiam
1657 2489 1667 2506 ‚
1711 2456 1859 2517 quoad

276 2515 449 2582 effigies
471 2551 482 2570 ‚
520 2511 773 2561 nostrorum
798 2530 1087 2562 nummorum
1108 2547 1124 2572 ‚
1169 2530 1275 2562 cum
1294 2515 1488 2579 antiquis
1508 2518 1880 2569 numismatibqu

1717 2585 1872 2646 Quare
