2143 3081
529 103 636 166 DE
704 110 982 170 Sumus
1044 114 1478 178 VETERUM.
1720 143 1824 200 275

232 223 327 259 tur:
365 206 542 258 HUIC
560 210 751 259 STAT.
778 212 829 259 P.
859 214 909 260 P.
934 212 1011 259 ΙΝ
1037 214 1191 263 FOR.
1220 216 1347 266 UBI.
1386 220 1421 265 Ι.
1457 218 1655 268 VELL.
1704 224 1831 265 Huic

214 276 414 334 statuam
447 274 618 337 publice
637 277 874 337 ponendam
900 281 943 322 in
957 280 1056 337 foro
1078 280 1155 325 ubi
1177 284 1257 342 tpsb
1284 286 1423 330 vellet.
1495 285 1617 347 Quae
1641 303 1665 333 a
1689 285 1828 333 Sena-

225 355 277 389 tu
304 341 813 403 PopuloqueRomano
838 345 1192 407 Imperatoribus
1219 348 1509 414 erigebantur
1534 387 1544 404 ‚
1592 350 1676 398 illis
1701 352 1746 397 in
1772 351 1828 398 fi-

222 423 281 453 ne
313 405 591 453 addebantur
614 407 783 454 8101.AE
809 409 897 455 hae.
921 410 967 456 S.
995 408 1046 454 P.
1074 414 1137 470 Q
1165 413 1229 458 R.
1252 415 1319 460 uti
1342 414 1538 459 Arcadio
1561 450 1577 475 ‚
1631 420 1819 461 Honorio

224 472 273 519 ὃς
308 470 528 528 Theodosio
565 471 826 520 AUGGG.
865 474 965 523 talis
1007 474 1154 522 erecta
1197 477 1300 524 fuit.
1368 479 1603 526 Interdum
1661 482 1823 544 privati

224 536 409 601 privatis
433 535 595 584 statuas
617 536 747 602 super
771 538 962 586 arcubus
981 555 1249 601 erexerunt,
1283 543 1351 591 uti
1376 558 1501 607 patet
1523 561 1580 592 cx
1604 545 1700 593 his:

333 663 532 708 MELIA
562 666 854 711 ANNJANA
886 666 966 710 IN.
998 669 1238 714 MEMOR.
1269 671 1318 714 E.
1350 672 1598 716 LAEPICI
1631 675 1684 727 Q.
1717 675 1765 717 F.

330 732 456 776 SER.
487 735 663 781 BASSI.
695 738 922 781 MARITI
950 739 1053 783 SUI
1083 740 1414 786 EMPORIUM
1443 743 1659 787 STERNI
1689 745 1770 787 ET

321 803 551 848 ARCUM
585 807 748 859 FIERI
779 807 858 849 ET
886 808 1172 854 STAT-UAS
1203 811 1555 858 SUPERPoN-I.

539 877 706 922 TEST.
738 878 879 932 JUSS.
914 881 994 922 EX
1028 882 1114 925 HS.
1150 884 1383 927 DCDXX.
1415 886 1502 929 PR.

281 1006 317 1055 ς.
345 997 435 1046 XI.
468 1000 548 1046 Sin
573 1011 726 1046 autem
750 999 917 1062 plebeji
942 1001 988 1046 in
1011 1002 1270 1049 civitatibus
1294 1017 1371 1050 aut
1382 1021 1572 1065 corpora
1599 1006 1691 1054 five
1723 1010 1816 1056 coi-

207 1063 335 1128 fiegia
367 1064 441 1111 vel
472 1065 560 1111 alia
594 1063 833 1109 hominum
866 1079 1035 1128 genera
1056 1098 1072 1125 ,
1119 1066 1281 1131 quibus
1316 1069 1364 1114 in
1386 1067 1620 1133 publicum
1645 1072 1814 1135 aliquid

215 1128 489 1175 decernendi
519 1127 714 1191 potestas
740 1129 861 1176 nulla
885 1128 999 1188 fuit,
1033 1131 1098 1180 illi
1121 1145 1173 1179 ut
1197 1132 1423 1196 ponendae
1447 1133 1603 1182 statuae
1627 1135 1815 1186 facultau

213 1205 312 1240 'tem
334 1192 583 1252 haberent,
618 1191 863 1255 petebant,
897 1207 949 1241 ut
975 1193 1001 1241 {z
1024 1196 1300 1262 Magistratu
1323 1201 1592 1265 acciperent.
1643 1200 1813 1250 SmLAE

214 1258 308 1307 hoc
342 1260 388 1306 in
420 1259 524 1306 loco
560 1271 701 1305 erant.
758 1259 806 1303 P.
841 1259 897 1306 C.
938 1259 1007 1306 N.
1042 1262 1070 1307 i.
1100 1279 1149 1310 e.
1180 1276 1332 1324 ponere
1374 1268 1588 1311 communi
1630 1271 1811 1314 nomine.

208 1323 403 1372 ⁴-Deinde
418 1325 493 1387 Q
519 1323 581 1370 D.
609 1324 663 1370 E.
686 1323 748 1370 R.
768 1325 823 1371 F.
849 1325 901 1371 P.
921 1325 989 1371 .D.
1017 1325 1071 1373 E.
1097 1327 1161 1374 R.
1185 1328 1220 1374 I.
1252 1327 1310 1374 C.
1333 1330 1359 1375 i.
1384 1346 1424 1377 e.
1450 1330 1574 1393 Qid
1595 1329 1648 1376 de
1682 1350 1733 1376 ea
1768 1350 1815 1377 re

205 1389 311 1446 fieri
320 1392 508 1450 placeret
523 1386 627 1454 ,ode
649 1405 698 1433 ea
722 1406 766 1432 re
800 1392 867 1434 ita
909 1390 1167 1450 censita-runt.
1241 1394 1296 1440 In
1332 1395 1401 1442 his
1427 1395 1595 1443 Statuis
1631 1398 1816 1444 nomina

213 1471 372 1502 eorum
399 1453 561 1518 quibus
586 1452 876 1517 erigebantur
909 1455 1071 1520 scripta
1106 1457 1374 1523 legebantur
1408 1460 1456 1507 &
1491 1477 1647 1508 eorum
1671 1497 1687 1522 ‚
1736 1464 1813 1526 qui

212 1519 521 1567 decreverant.
590 1519 718 1566 Hinc
750 1519 958 1567 formulae
992 1523 1141 1569 variae.
1204 1524 1247 1570 S.
1272 1524 1463 1572 STAT.
1489 1526 1662 1573 HON.
1681 1533 1812 1572 senae

216 1583 451 1643 tnsstatua
473 1586 694 1630 honoravit
719 1587 760 1630 S.
788 1585 844 1632 C.
871 1590 1054 1631 Senatus
1078 1590 1252 1648 censuit.
1310 1590 1355 1636 S.
1381 1592 1432 1638 P.
1459 1592 1531 1655 Q
1548 1592 1613 1639 R.
1637 1593 1691 1638 P,
1734 1596 1809 1637 Se..

212 1664 341 1695 natus
356 1651 610 1712 populusque
626 1654 836 1694 Romanus
852 1652 1002 1710 posuit.
1036 1652 1092 1699 C.
1120 1653 1272 1701 DEC.
1290 1653 1394 1702 PL.
1419 1657 1584 1705 ORD.
1606 1655 1809 1704 CORP.

213 1714 414 1762 COLL.
441 1714 692 1762 MUNlC.
717 1714 954 1762 INCOL.
974 1716 1205 1765 CLIEN.
1234 1718 1435 1768 M.UX.
1452 1722 1518 1768 H.
1534 1722 1589 1768 A.
1604 1722 1808 1770 DECR.

213 1781 265 1829 F.
284 1780 480 1827 *STAT.
504 1781 531 1826 i.
557 1796 596 1826 e.
620 1783 790 1824 Civitas
816 1816 827 1834 ,
873 1783 1140 1828 Decuriones
1160 1817 1176 1842 ‚
1218 1783 1344 1829 Plebs
1364 1822 1375 1837 ‚
1413 1785 1536 1831 ‘Ordo
1560 1823 1570 1839 ,
1620 1791 1778 1854 Corpus
1793 1825 1804 1842 7

213 1847 446 1909 Collegium
483 1847 734 1905 Municipes
753 1878 768 1904 ‚
803 1848 971 1904 Incola,
1001 1848 1217 1906 Clientes,
1254 1852 1488 1904 Maritus,
1526 1855 1678 1905 vxor,
1712 1853 1806 1896 He-

209 1928 278 1957 res
300 1947 311 1963 ,
359 1912 550 1956 Amicus
581 1913 884 1955 Decreverunt
898 1911 1157 1970 faciendam
1183 1911 1397 1971 statuam.
1453 1915 1510 1963 C.
1535 1916 1588 1962 P.
1611 1916 1805 1964 STAT.

210 1982 432 2022 Curarunt
450 1974 683 2038 ponendam
696 1973 910 2033 statuam.
946 1975 1001 2022 C.
1026 1977 1081 2024 C.
1107 1977 1165 2024 L.
1196 1979 1321 2043 QJ.
1345 1981 1398 2027 P.
1421 1980 1718 2028 COLLOC.
1739 1984 1804 2030 D.

210 2042 275 2090 D.
303 2042 550 2102 cenfiterunt
571 2039 768 2098 constitui
786 2043 1244 2103 locariquejuffirunt,
1273 2049 1500 2105 posserunt
1518 2079 1534 2105 ,
1566 2049 1800 2094 collocatae<

210 2121 341 2165 runt,
374 2106 646 2152 dedicarunt.

273 2181 310 2229 §.
334 2171 448 2218 XII.
481 2171 708 2236 Cogimur
727 2168 946 2219 hocloco
978 2171 1115 2220 etiam
1147 2171 1383 2221 ostendere
1404 2207 1422 2234 5
1466 2175 1698 2238 quomodo
1732 2192 1799 2223 res

207 2237 350 2304 gestae
389 2235 437 2282 ὃς
472 2236 639 2299 Elogia
673 2236 815 2282 titulis
841 2237 1001 2285 inserta
1023 2238 1191 2285 fuerint
1212 2272 1227 2297 ‚
1273 2255 1380 2286 cum
1404 2253 1523 2289 totas
1548 2239 1801 2304 inscriptio-

208 2321 286 2354 nes
323 2304 413 2351 huc
445 2299 603 2348 afferre
640 2300 877 2348 taediosum
910 2301 1042 2350 foret.
1103 2302 1258 2368 Leges
1296 2304 1451 2368 itaque
1496 2305 1694 2370 persaepe
1725 2306 1797 2354 hae

210 2383 358 2418 erant:

335 2498 424 2546 OB
450 2496 608 2546 EGR.
634 2497 669 2544 I.
695 2498 758 2548 R.
781 2496 938 2548 P.M.·
953 2459 1008 2547 ob-
1024 2502 1194 2569 egrpg-ia
1218 2504 1265 2547 in
1283 2498 1600 2562 Rempublicam
1623 2504 1795 2547 merita.

328 2565 432 2613 OB.
458 2564 532 2615 M.
557 2562 613 2611 N
617 2562 720 2610 OB.
938 2562 992 2610 -ob
1018 2569 1223 2612 meritum
1249 2565 1512 2612 Nobilitate

1066 2629 1258 2678 Mm:
1695 2629 1783 2676 ΟΒ
