2143 3081
307 117 417 172 2266
555 107 1080 186 Jo.N1co*>1.A-—1
1138 107 1640 163 Taum-Arm

314 218 344 262 i.
364 233 401 262 e.
425 214 596 258 Tullius
616 213 810 257 Salutem
838 210 947 256 dicit
969 211 1175 255 Terentia
1202 209 1253 258 ὠ
1271 222 1396 270 pater
1417 209 1602 269 Tulljolae
1630 207 1801 255 duabus
1816 214 1910 256 ani-

316 284 398 325 mis
413 279 504 338 fitis
528 279 580 326 ῤ’
600 281 745 321 Cicero
772 280 924 321 Matri
945 273 1361 338 optimaesnavzffimae
1385 276 1537 319 Sorori.
1571 272 1634 319 T.
1661 274 1753 321 ET
1778 274 1832 321 C,
1856 276 1909 322 F,

316 345 362 390 S.
392 344 453 390 D.
478 343 617 389 TIR.
642 342 708 389 H.
737 339 842 389 ET.
866 340 927 387 O.
949 342 978 387 i.
1003 356 1042 387 e.
1065 339 1248 387 Tullius
1285 338 1333 385 &
1357 337 1524 385 Cicero
1561 336 1679 385 filius
1713 339 1914 388 Salutem

317 408 474 455 dicunt
506 408 672 455 Tironi
703 405 1017 454 humaniffimo
1052 404 1100 452 &
1135 405 1329 468 optimO.
1363 403 1412 450 δε
1451 404 1525 450 hae
1553 403 1727 451 SmLAE
1762 404 1914 467 paffim

317 485 564 520 occurrunt
598 474 645 519 in
679 471 916 519 Ciceronis
947 471 1232 533 aliorumque
1254 467 1487 533 Epistolis.
1553 467 1630 516 De
1663 471 1914 518 recentiore

318 537 460 586 modo
483 537 597 585 nihil
616 538 820 585 dicemus
843 538 919 602 qui
941 537 1082 584 cuivis
1100 536 1198 599 jam
1217 548 1367 582 notus.
1423 575 1425 578 .

384 612 421 661 §.
448 603 534 650 ΙΙΙ.
570 602 640 650 Ita
671 604 808 650 ctiam
844 604 892 650 in
924 599 1131 650 Exordio
1162 599 1469 665 Epistolarum
1507 597 1724 646 vetustior
1756 597 1918 646 modus

317 681 412 716 crat
438 683 518 731 per
537 669 715 717 SioLAs
738 667 973 716 scribendi.
1043 665 1139 714 Hic
1160 664 1432 714 consistebat
1455 663 1731 729 potiffimum
1757 664 1917 712 infor-

315 733 450 780 mulis
479 735 612 782 certis
639 734 687 781 δε
712 735 760 780 in
785 732 980 797 publicis
999 732 1184 796 quidem
1206 732 1360 779 literis.
1382 748 1424 778 v.
1449 746 1495 795 g.
1527 729 1571 777 S.
1596 730 1657 778 V.
1683 730 1746 778 G.
1773 729 1827 776 E.
1856 729 1916 776 V.

318 799 348 845 i.
371 815 408 846 e.
434 803 481 843 Si
507 801 628 844 vales
644 797 845 863 gaudeo,
880 814 951 863 ego
980 800 1117 844 valeo.
1156 797 1221 845 ‘In
1255 797 1437 859 privatis
1472 809 1639 844 autem.
1709 795 1754 842 S.
1782 796 1842 843 V.
1864 795 1917 841 B.

321 864 376 910 E.
403 862 457 910 E.
483 865 545 912 V.
594 864 622 910 i.
647 880 685 910 e.
708 866 757 909 Si
791 866 912 909 vales
942 861 1046 908 bene
1072 861 1131 919 est
1152 894 1167 919 ‚
1216 879 1286 925 ego
1312 864 1446 906 valeo.
1516 861 1603 908 His
1640 859 1918 908 accedebant

320 929 419 976 aliae
452 928 676 977 formulae.
748 928 793 975 S.
826 928 890 975 T.
929 927 985 974 E.
1018 927 1080 974 T.
1118 925 1179 972 L.
1212 926 1282 973 N.
1320 927 1382 975 V‘.
1418 927 1474 973 E.
1512 926 1570 973 E.
1605 925 1741 973 SUA
1774 925 1832 973 C.
1854 927 1920 973 V.

323 996 352 1040 i.
376 1010 415 1041 e.
440 998 487 1040 Si
511 1010 559 1040 tu
587 997 639 1043 ὠ
667 995 814 1040 Tullia
839 996 921 1049 {yx
944 991 1082 1050 nostra
1106 993 1266 1036 valetis
1289 1027 1299 1044 ,
1347 994 1438 1055 Ego
1468 993 1520 1040 ὠ
1549 990 1824 1050 fnavzffimus
1845 995 1920 1034 Ci-

321 1075 414 1103 cero
436 1062 648 1105 valemus.
684 1059 729 1106 S.
755 1058 818 1106 T.
841 1052 897 1106 E.
926 1059 994 1121 Q
1018 1058 1079 1104 V.
1101 1056 1156 1103 B.
1178 1056 1234 1103 E.
1270 1056 1318 1103 Si
1343 1069 1395 1103 tu
1417 1054 1727 1119 exercitusque
1746 1056 1922 1115 valetis,

320 1122 440 1171 bene
461 1124 539 1171 est.
608 1125 740 1173 Plura
762 1139 819 1171 ex
845 1123 1082 1171 Ciceronis
1103 1120 1301 1185 epistolis
1328 1119 1429 1169 sunt
1456 1119 1666 1185 petenda.
1738 1121 1791 1168 ln
1826 1122 1923 1184 epi-

322 1189 433 1253 logo
468 1189 670 1251 epistolae
692 1189 959 1253 plerumque
984 1188 1103 1236 Vale
1127 1185 1376 1233 addebatur
1397 1222 1408 1239 ,
1458 1202 1560 1250 quae
1583 1202 1675 1233 vox
1700 1201 1804 1232 cum
1828 1187 1925 1232 aliis

320 1252 677 1301 conne&ebatur
701 1253 921 1300 formulis.
991 1253 1055 1300 Et
1078 1253 1153 1299 hae
1176 1251 1251 1299 vel
1274 1250 1483 1315 expreffis
1502 1249 1650 1298 verbis
1670 1249 1923 1298 scribeban-

327 1331 399 1366 tur
421 1320 493 1368 vel
517 1336 597 1384 per
618 1320 799 1368 SIGLAS
815 1355 828 1374 ,
860 1331 914 1368 ut
938 1315 1207 1368 hocmodo.

1089 1445 1228 1494 Vale.

453 1516 508 1563 B.
531 1517 594 1565 V.
1086 1513 1213 1560 Bene
1235 1511 1336 1560 vale
1383 1572 1385 1574 q

456 1577 521 1630 V.
550 1581 622 1629 M.
645 1578 709 1628 T.
1086 1577 1206 1627 Vale
1230 1593 1331 1624 mea
1354 1574 1577 1625 Terentia

456 1646 532 1692 M.
555 1647 605 1693 F.
632 1647 696 1692 V.
1088 1643 1165 1690 Mi
1187 1641 1324 1690 frater
1347 1642 1480 1691 Vale.
1883 1655 1892 1663 ·

460 1712 524 1759 V.
550 1711 622 1758 M.
649 1711 694 1757 S.
723 1709 779 1757 E.
804 1710 866 1756 O.
889 1710 943 1757 F.
1089 1707 1210 1756 Vale
1249 1709 1314 1818 ifni
1362 1705 1607 1754 suaviffime
1655 1703 1706 1752 &
1752 1707 1930 1770 optime

1273 1783 1405 1818 rater.

457 1840 518 1888 V.
544 1840 618 1887 M.
640 1839 703 1888 T.
724 1839 791 1889 V.
811 1837 957 1888 VJE.
980 1836 1028 1886 S.
1096 1836 1217 1886 Vale
1238 1838 1301 1883 mi
1315 1836 1434 1884 Tiro
1448 1835 1657 1896 Vale9V
1659 1833 1788 1884 ale&
1800 1833 1930 1885 salve.

454 1904 585 1954 V.'S.
641 1922 647 1926 ·
1087 1901 1208 1951 Vale
1233 1900 1366 1949 Salve

460 1971 524 2020 V.
548 1970 602 2017 E.
630 1971 693 2020 V.
1084 1967 1205 2017 Vale
1231 1966 1279 2014 ὃ(
1304 1966 1424 2014 veni.

456 2035 521 2082 V.
546 2035 602 2081 E.
629 2036 702 2081 M.
728 2036 770 2082 A
1082 2032 1202 2080 Vale
1228 2032 1277 2079 &
1302 2048 1377 2078 me
1399 2047 1512 2079 ama.

457 2099 522 2147 D.
547 2099 609 2146 O.
632 2098 701 2146 U.
718 2099 767 2147 V
1081 2097 1157 2143 Da
1180 2113 1366 2160 operam
1390 2109 1443 2143 ut
1469 2095 1614 2144 valeas

465 2165 515 2212 F.
544 2161 606 2210 U.
636 2163 696 2210 V.
733 2183 738 2190 ·
1078 2160 1170 2208 Fac
1190 2175 1243 2209 ut
1263 2161 1408 2208 valeas

467 2229 523 2277 C.
549 2228 599 2276 T
639 2227 701 2274 D.
1081 2226 1204 2274 Cura
1230 2240 1277 2274 te
1301 2226 1547 2290 diligenter

464 2299 510 2343 fs

528 2293 595 2342 ,ἢ

604 2266 677 2342 .<'

700 2291 768 2341 tr]

794 2290 851 2339 ,Ο

1063 2291 1150 2341 ,Sit
1171 2290 1256 2340 tibi
1277 2291 1493 2340 valetudo
1517 2305 1596 2340 tua
1611 2301 1741 2340 'curae

338 2427 430 2475 Hae
468 2426 517 2474 &
549 2426 648 2473 aliae
685 2423 894 2471 formulae
928 2425 975 2473 in
1010 2424 1204 2490 epilogis
1229 2422 1539 2472 scribebantur
1561 2459 1574 2477 ‚
1619 2420 1782 2485 quibus
1804 2434 1936 2485 opta-

338 2492 449 2541 bant
481 2493 704 2557 optimam
728 2489 994 2552 sanitatem,
1024 2502 1074 2540 ut
1100 2490 1237 2556 quam
1263 2489 1518 2556 longiffime
1542 2487 1680 2554 quam
1692 2487 1934 2536 diutissime

335 2559 504 2607 amicus
528 2557 670 2610 salvus
693 2555 781 2605 esse
808 2556 932 2607 velit.

1631 2626 1681 2678 ·§.
1706 2618 1793 2670 IV.
1830 2617 1935 2669 He-
