2143 3081
546 144 973 205 DssSmms
1022 147 1440 212 VETERUM.
1683 177 1791 234 273

197 246 396 296 COLL.
425 247 521 296 ST.
546 250 600 296 F.
624 248 681 294 C.
705 249 758 296 E.
784 251 827 313 J
860 249 1082 296 Sumtibm
1103 255 1283 298 collee‘z‘is
1306 257 1382 299 vel
1403 272 1477 299 aere
1513 257 1674 302 collec‘Zo
1699 258 1798 316 sta-

197 327 320 359 tuam
339 314 443 372 fieri
469 316 647 358 curavit
679 316 730 361 &⁰
756 313 888 374 suffit.
956 314 1117 362 Fiebat
1150 331 1302 364 autem
1342 336 1668 385 nonnunquam
1692 357 1708 382 ‚
1748 340 1802 371 ut

196 380 402 426 nonnulli
427 379 602 426 honore
625 380 830 426 contenti
852 379 1038 442 publico
1063 381 1274 446 impensis
1301 399 1566 446 parcerent,
1601 388 1648 434 ὃ(
1673 389 1795 436 hunc

197 446 421 493 honorem
453 443 733 499 rccufiuent3
769 443 1016 492 'restantur
1038 446 1084 492 id
1109 449 1155 493 in
1178 451 1484 496 monumentis
1506 452 1699 515 antiquis
1723 454 1796 500 S1-

201 510 425 567 (ima-,uti
440 508 577 558 refert
591 507 965 569 Barnabssriſjbn.
992 509 1067 558 lib.
1093 512 1133 558 8.
1160 516 1594 580 antiq.formul.pag.
1610 535 1667 562 m.
1684 533 1791 578 725.

196 575 265 622 H.
288 574 345 621 C.
375 575 410 631 I.
435 573 498 619 R.
522 576 550 620 i.
573 592 611 621 e.
648 577 817 618 Honore
855 589 1069 620 contentus
1104 580 1332 639 impenfizm
1359 581 1528 638 remisit.
1556 582 1629 629 vel
1656 583 1791 631 H.A.

197 640 234 686 1.
258 639 322 685 R.
358 639 504 683 honore
527 652 693 700 accepto
720 639 981 700 impendium
1008 642 1237 700 remtffitm.
1763 664 1787 682 ο

257 703 301 768 §.
325 704 462 753 VIII.
498 703 704 751 Remiflo
727 705 878 765 itaque
902 703 1049 752 sumtu
1072 706 1388 770 Reipublicae,
1425 708 1584 757 statuas
1611 716 1791 777 propria

190 771 383 835 pecunia
407 781 483 815 aut
507 768 590 833 ipfi
610 768 758 816 adhuc
784 769 874 814 vivi
899 769 1154 832 ponebant,
1193 787 1269 822 aut
1293 792 1372 840 per
1397 775 1510 824 alios
1532 778 1643 839 poni
1663 794 1790 826 cura-

191 848 322 890 runt,
357 835 426 882 uti
452 833 683 898 inscriptio
711 832 1021 883 Narbonensis
1046 835 1247 885 testatur.

319 963 476 1011 DEC.
513 965 644 1016 11—111
670 964 803 1012 VIR.
836 962 1130 1013 AUGUST.
1151 968 1201 1013 P.
1227 966 1412 1015 OLIT.
1438 969 1786 1020 APOLLON.

319 1030 480 1083 lfsfil
504 1030 641 1076 VIR.
665 1028 824 1075 AUG.
847 1029 954 1075 ET.
986 1029 1218 1076 NAVIC.
1244 1033 1300 1078 C.
1328 1033 1425 1079 I.P.
1440 1033 1577 1081 CN.
1594 1037 1665 1084 M.
1680 1037 1785 1083 OB.

316 1092 994 1209 {NAIERRssTsssTIID-..IgEligx-AL.
1012 1093 1078 1156 EJ
1086 1093 1164 1142 US
1180 1095 1303 1159 QUI
1318 1097 1386 1144 H.
1397 1098 1603 1150 DECR.
1620 1100 1785 1149 USUS

190 1290 315 1341 Cum
335 1291 485 1356 itaque
509 1291 557 1337 in
578 1290 663 1337 hac
685 1286 975 1351 inscriptione
996 1289 1153 1338 multae
1177 1307 1394 1341 occurant
1418 1293 1588 1343 SIGLAE
1614 1330 1629 1355 ‚
1669 1313 1778 1344 enu-

185 1356 431 1405 cleabimus
454 1358 549 1405 illas
572 1388 588 1413 ‚
634 1353 712 1402 ubi
736 1354 932 1417 primum
953 1355 1105 1403 DEC.
1134 1357 1278 1408 11-131.
1306 1359 1470 1406 AUG.
1498 1360 1780 1425 significant..

187 1426 356 1467 Decius
384 1423 661 1482 quintumvir
696 1418 969 1480 Augustalis.
1035 1422 1218 1470 Deinde
1251 1424 1302 1470 P.
1340 1424 1523 1473 OLIT.
1576 1427 1779 1474 APOL-

185 1484 700 1539 LON.11'1‘1‘1[V1R.
727 1483 889 1532 AUG.
918 1485 1008 1532 ET
1036 1486 1271 1535 NAVIC.
1294 1489 1350 1536 C.
1370 1490 1414 1550 J.
1441 1490 1491 1536 P.
1517 1490 1574 1536 C.
1599 1491 1668 1538 N.
1701 1492 1775 1538 M.

186 1566 375 1613 notant,
409 1551 562 1597 Publio
583 1552 714 1595 Olitio
738 1553 952 1612 Apollonio
964 1552 1108 1611 seviro
1133 1552 1368 1617 Augustali
1401 1558 1452 1603 (ἐν
1478 1559 1775 1601 Navjcnlarje

187 1622 354 1665 Coloniae
366 1619 486 1677 J'ult'ae
501 1619 648 1677 patriae
675 1615 860 1660 Claudia
886 1614 1169 1674 Narbonensis
1193 1622 1387 1664 Martiae.
1442 1619 1621 1668 Ultimo
1647 1623 1770 1683 QUI

182 1684 249 1732 H.
272 1683 478 1731 DECR.
503 1680 676 1727 USUS
700 1682 736 1726 I.
759 1682 820 1728 R.
846 1681 901 1727 E.
926 1680 1023 1727 ST.
1046 1682 1109 1728 D.
1131 1681 1176 1729 S.
1200 1684 1251 1729 P.
1288 1685 1316 1729 i.
1341 1701 1380 1730 e.
1401 1688 1477 1745 qui
1511 1684 1657 1731 honore
1682 1691 1773 1733 De.

181 1751 292 1795 creti
314 1750 412 1810 usus
432 1744 697 1807 impendium
723 1746 880 1802 remisit
901 1743 1166 1802 &statuam
1191 1746 1245 1792 de
1255 1749 1332 1808 suo
1346 1750 1494 1810 pvfitit.

241 1819 277 1869 ᾗ.
307 1813 394 1861 ΙΧ.
427 1811 473 1858 Si
498 1811 737 1872 propinqui
759 1823 836 1856 aut
859 1809 1061 1857 haeredes
1087 1811 1188 1874 post
1213 1827 1411 1861 mortem
1434 1814 1495 1860 ob
1519 1816 1678 1864 merita
1713 1833 1770 1863 cx·

178 1880 384 1926 Decreto
418 1877 592 1923 honore
627 1886 850 1938 ponerent
875 1911 886 1927 ‚
931 1876 992 1921 ita
1024 1875 1175 1922 statuis
1205 1875 1384 1925 inscribi
1422 1877 1637 1927 curabant
1661 1919 1671 1936 ‚
1718 1899 1769 1930 nt

178 1945 353 1991 mentio
376 1941 457 1990 fiat
479 1940 626 1988 veniae
650 1939 906 2002 impetratae
927 1940 975 1987 &
997 1940 1161 1987 deinde
1182 1941 1372 1989 addatur
1396 1943 1453 1990 de
1474 1943 1547 1990 sua
1560 1948 1766 2007 pecunia,

177 2009 247 2056 uti
271 2011 318 2056 in
343 2008 486 2055 statua
510 2007 720 2048 Antonino
749 2007 820 2047 Pio
844 2003 988 2067 posita
1010 2006 1177 2062 Perufiae
1199 2009 1244 2051 in
1263 2007 1456 2053 vmbria
1480 2009 1581 2056 haec
1608 2012 1768 2074 legun..

179 2087 277 2121 tur:
313 2073 381 2120 H.
401 2073 462 2119 C.
488 2070 523 2116 Ι.
544 2069 607 2116 R.
636 2069 690 2116 E.
716 2069 995 2116 IMPETR.
1019 2070 1184 2120 VEN.
1207 2073 1306 2118 ΑΒ,
1338 2073 1500 2120 ΟΗῙ),
1527 2074 1766 2124 PERUS·

177 2137 242 2185 O.
269 2138 341 2184 M.
363 2139 431 2201 Q
448 2138 502 2184 P.
522 2136 584 2182 D.
609 2134 653 2180 S.
677 2134 731 2180 P.
750 2134 803 2180 P.
838 2135 961 2205 Qiae
979 2135 1111 2198 juxta
1136 2134 1313 2183 SIGLAs
1340 2138 1403 2185 ita
1423 2137 1628 2203 legenda.
1673 2145 1767 2187 Ho-

177 2219 274 2250 nore
309 2216 521 2248 contentus
555 2199 788 2259 Impensam
817 2200 981 2260 remifit
1018 2203 1069 2249 ὠ
1100 2203 1332 2262 impetrata
1357 2207 1486 2248 venia
1521 2203 1574 2249 ab
1602 2206 1766 2253 Ordine

180 2268 502 2325 Perufianorum
530 2267 699 2327 Optimo
731 2267 1006 2324 maximoque
1030 2268 1219 2325 Principi
1251 2265 1397 2327 defim
1413 2272 1594 2330 pecunia
1610 2286 1662 2332 po
1654 2273 1707 2331 fh
1710 2275 1762 2320 it.

175 2334 286 2380 Hoc
309 2333 446 2380 etiam
470 2327 750 2378 monendum
772 2327 893 2390 quod
920 2329 1148 2376 interdum
1169 2329 1287 2379 bene
1306 2334 1476 2382 meritis
1497 2335 1601 2380 ¹viris
1624 2368 1639 2392 ‚
1685 2339 1760 2399 qui

175 2398 243 2445 H.
266 2397 323 2445 C.
346 2397 492 2442 honore
517 2394 722 2451 contenti,
755 2391 1003 2455 sumptibus
1026 2393 1217 2458 publicis
1241 2398 1535 2460 pepercissent
1547 2398 1627 2461 ipsi
1644 2401 1761 2449 DE-

176 2461 533 2511 CURIONES
558 2459 615 2507 de
646 2457 723 2504 suo
746 2456 975 2520 posuerint
1001 2461 1068 2506 his
1092 2459 1249 2508 SleLrs
1270 2462 1502 2526 inscriptis.
1568 2463 1692 2512 Cum
1727 2471 1762 2517 1⁴5

176 2528 244 2576 H·
279 2527 335 2574 C·
371 2527 416 2572 S·
450 2529 502 2574 P·
536 2522 808 2572 PEPERC·
846 2523 997 2570 DEC·
1029 2525 1086 2572 E.
1119 2524 1164 2572 S.
1199 2527 1247 2572 P.
1292 2528 1320 2573 i.
1347 2544 1386 2574 e.
1409 2528 1530 2574 Cum
1554 2529 1590 2575 is
1613 2528 1762 2579 honore

178 2606 392 2640 contentus
414 2590 657 2656 sumptibus
683 2586 862 2652 publicis
887 2590 1121 2652 pepercisset
1147 2593 1408 2704 {ferriones
1440 2609 1495 2639 ea.
1519 2595 1597 2655 suo
1614 2598 1756 2656 pesue-

1231 2671 1278 2703 m
1650 2676 1763 2710 runt,
