2143 3081
593 125 700 183 DE
755 124 1028 186 Smms
1079 128 1514 187 VETERUM.
1756 145 1862 203 197

269 225 383 277 Erat
407 227 556 289 enim,
591 244 693 292 quae
714 229 948 278 dicebatur
966 230 1006 277 A
1024 267 1036 285 ,
1073 246 1175 293 quae
1197 232 1249 278 B.
1275 247 1376 294 quae
1400 244 1438 277 r.
1464 230 1514 277 ὃς
1544 229 1757 294 deinceps
1790 229 1860 276 us-

268 307 358 356 que
380 293 435 340 ad
461 295 636 342 literam
658 294 720 342 K.
743 312 847 342 nam
872 295 1032 342 decem
1066 295 1191 343 fuere
1226 296 1434 342 stationes
1460 314 1470 342 :
1512 295 1671 354 januae
1705 307 1859 342 autem

263 358 602 424 uniuscujusque
632 359 828 407 stationis
863 373 956 407 erat
978 358 1280 424 superpictum
1303 361 1580 407 elementum
1620 358 1743 406 rubri
1778 375 1859 406 co-

265 423 399 479 loris,
435 440 490 472 ex
515 441 606 488 quo
634 441 801 471 nomen
828 426 869 471 ei
897 423 1074 472 stationi
1101 424 1233 473 foret.
1299 428 1547 488 Quotquot
1569 436 1697 471 erant
1709 424 1857 471 Athe-

263 489 360 548 υἷε,
395 491 470 553 qui
496 489 658 536 muniis
675 488 964 552 judicialibus
989 489 1311 555 fungerentur,
1346 489 1573 538 habebant
1598 488 1760 553 singuli
1774 504 1858 551 pro

262 555 438 601 ratione
471 554 713 601 stationum
750 554 989 617 pugillares
1014 587 1029 612 ‚
1076 557 1122 601 in
1141 554 1302 615 quibus
1321 554 1535 618 scriptum
1560 552 1858 600 asservabatur

265 618 315 666 δί
346 617 542 681 ipsorum
577 618 624 664 ὃς
650 618 849 665 stationis
869 635 1064 675 nomen,
1099 617 1416 681 habebantque
1442 619 1607 682 pariter
1630 617 1857 680 virgulam

262 681 535 746 inscriptam.
601 682 722 729 Cum
747 695 898 729 autem
920 696 1155 745 appeteret
1181 695 1358 746 tempus
1389 681 1622 746 judicandi
1648 715 1663 740 ‚
1705 684 1753 727 in
1784 680 1854 726 fo-

258 763 362 794 rum
396 745 714 794 commeabant
745 762 901 793 omnes
921 747 1120 810 judices,
1156 745 1458 811 conjectisque
1478 749 1527 794 in
1545 761 1704 793 urnam
1726 744 1855 792 sorti-

258 809 367 870 bus,
400 813 476 875 qui
502 810 682 859 sortitus
704 809 812 859 esset
832 811 1008 859 literam
1034 813 1077 858 A
1103 849 1114 865 ,
1161 810 1381 875 pergebat
1408 812 1453 858 in
1478 811 1743 869 stationem,
1779 809 1853 857 cui

256 890 310 923 ea
331 876 460 923 litera
480 892 648 923 nomen
670 874 817 924 dabat.
888 875 951 924 Et
971 892 1028 923 ex
1054 876 1122 923 his
1147 875 1431 941 eligebantur
1456 875 1691 939 injudicio
1704 874 1851 921 feren-

259 939 335 987 do.
369 939 541 987 confer.
574 942 763 1002 Franctss
801 945 912 986 Rous
941 944 985 985 in
1008 940 1298 1005 Archaeologia
1333 943 1496 986 Attica
1522 955 1622 1004 pag.
1649 957 1706 985 m.
1739 955 1844 1002 371.

258 1003 333 1051 lib.
358 1021 401 1061 7.
427 1022 462 1050 c.
491 1021 532 1067 3.
555 1005 657 1051 edit.
681 1005 908 1065 oxoniensss
937 1004 1070 1067 1658.

323 1078 360 1127 §.
383 1070 495 1116 XII.
531 1070 649 1116 Non
671 1067 818 1116 solum
844 1083 995 1117 autem
1021 1071 1068 1116 in
1099 1069 1231 1117 rebus
1268 1070 1484 1134 legitimis
1515 1081 1690 1117 veteres
1721 1069 1850 1117 sorti-

255 1131 338 1180 bus
360 1133 603 1182 utebantur
624 1168 640 1193 ‚
684 1132 758 1181 sed
792 1136 927 1181 etiam
951 1135 999 1181 in
1021 1135 1221 1199 Magicis
1243 1137 1290 1182 in
1316 1136 1392 1182 illa
1416 1136 1690 1182 Graecorum
1713 1135 1848 1180 Alec-

252 1198 540 1261 tryomantia.
610 1197 877 1246 Scribebant
911 1198 977 1246 illi
1020 1200 1238 1247 circulum
1274 1201 1321 1247 in
1365 1200 1550 1263 pulvere
1573 1232 1589 1257 ‚
1643 1199 1691 1245 δε
1725 1199 1848 1261 post-

252 1277 389 1324 quam
414 1265 454 1310 ei
477 1281 604 1311 xxw.
630 1263 923 1310 LITERAS
949 1264 1107 1311 ordine
1131 1266 1178 1311 in
1203 1264 1398 1311 totidem
1422 1263 1576 1327 spaciis
1615 1263 1850 1326 impresfis-

251 1325 350 1374 sent
372 1360 389 1386 ‚
435 1330 482 1375 in
518 1343 645 1374 more
680 1327 877 1391 positum
910 1342 1003 1375 erat
1029 1327 1249 1392 sortilegis
1277 1328 1396 1375 istius
1424 1329 1667 1392 temporis,
1701 1329 1849 1374 circu-

253 1390 351 1438 lum
374 1394 421 1439 in
445 1392 630 1457 pulvere
652 1392 924 1456 descriptum
950 1394 993 1438 in
1033 1410 1159 1439 xxrv.
1196 1394 1334 1458 spatia
1366 1393 1567 1440 dividere
1590 1426 1607 1452 ‚
1655 1408 1847 1455 quorum

254 1453 438 1521 fingulis
470 1473 607 1504 unam
638 1473 695 1504 ex
714 1457 995 1521 Alpbabethi
1031 1459 1169 1504 literis
1200 1456 1491 1521 apponebant
1517 1475 1526 1503 ε
1575 1474 1666 1520 quo
1698 1456 1846 1509 facto,

253 1518 438 1584 fingulis
450 1521 731 1585 Alphabethi
758 1524 895 1569 literis
914 1538 1104 1586 granum
1131 1522 1344 1570 frumenti
1367 1521 1681 1586 apponebant,
1719 1521 1846 1569 dein-

251 1584 310 1632 de
334 1585 472 1633 Gallo
497 1587 763 1634 Gallinaceo
784 1588 901 1634 intra
923 1587 1140 1633 circulum
1166 1586 1315 1650 posito
1330 1620 1346 1646 ‚
1381 1586 1675 1634 observabant
1689 1619 1705 1644 ,
1721 1602 1847 1648 qua:-

249 1665 352 1698 nam
376 1666 516 1714 grana
535 1653 788 1714 acciperet,
824 1652 871 1697 &
899 1650 1091 1713 singulas
1118 1652 1264 1698 literas
1288 1653 1437 1714 granis
1463 1652 1659 1714 acceptis
1684 1650 1844 1698 adscri-

249 1727 348 1776 ptas
369 1714 418 1762 in
440 1732 580 1762 unum
600 1716 863 1779 conjunfflas
885 1714 1248 1774 considerabant,
1288 1717 1516 1777 quodnam
1542 1714 1732 1762 verbum
1767 1732 1845 1762 ex»

249 1778 460 1826 biberent
479 1814 495 1839 ,
543 1781 592 1828 &
626 1797 681 1828 ex
706 1781 797 1827 hoc
832 1780 996 1827 deinde
1022 1780 1079 1826 de
1112 1797 1160 1826 re
1184 1779 1368 1843 quaefita
1390 1778 1665 1827 divinabant.
1733 1781 1845 1828 Hoc

248 1843 480 1907 sortilegio
515 1845 643 1892 usum
675 1845 868 1909 legimus
894 1844 1134 1888 Libanium
1159 1843 1390 1906 Sophzstam
1426 1845 1474 1892 δε
1499 1843 1839 1907 ῗιτψόίὶσῇἰρῃη,

247 1908 358 1969 dum
382 1909 481 1972 quis
503 1908 601 1971 post
625 1912 848 1955 Valentem
886 1909 952 1954 Im
991 1922 1212 1955 eratorem
1245 1925 1427 1956 coronae
1460 1909 1708 1971 Imperialis
1744 1909 1843 1955 suc-

246 1973 392 2021 cess'or
414 1973 590 2022 futurus
613 1973 723 2021 eflet
746 2008 762 2034 ,
803 1926 1065 2021 divinabant
1090 1995 1105 2029 3
1154 1972 1313 2020 Gallus
1336 1975 1456 2021 enim
1482 1974 1598 2019 intra
1619 1973 1841 2020 circulum

243 2036 419 2086 dictum
444 2037 614 2102 positus
641 2053 834 2103 quatuor
855 2039 1002 2103 granis
1027 2037 1224 2100 acceptis
1247 2039 1428 2101 reliquit
1446 2036 1589 2100 spacia
1611 2037 1840 2084 literarum

246 2106 298 2151 9.
323 2124 356 2151 ε.
381 2124 426 2150 σι.
454 2108 495 2150 δ’.
518 2106 667 2168 granis
702 2121 870 2163 vacua,
903 2104 1023 2149 unde
1047 2102 1360 2165 collegerunt,
1395 2101 1663 2147 Theodorum
1688 2102 1840 2164 Impe-

244 2169 313 2215 rio
337 2170 533 2213 Valentis
558 2169 852 2217 successurum
869 2187 889 2219 ,-
923 2168 996 2216 sed
1021 2166 1046 2214 a
1070 2168 1300 2214 Daemone
1324 2167 1504 2230 decepti
1528 2165 1679 2219 fuere,
1717 2167 1837 2213 aliud

240 2234 364 2280 enirn
385 2233 521 2295 paulo
546 2233 649 2296 post
669 2247 856 2282 eventus
878 2233 1035 2281 docuit
1054 2267 1070 2292 ‚
1112 2248 1206 2278 non
1230 2231 1443 2277 Theodoro
1462 2268 1474 2286 ‚
1522 2229 1598 2277 sed
1622 2229 1841 2288 Theodosio

239 2297 392 2346 sedem
416 2299 704 2360 Imperialem
729 2312 998 2360 occupante.

304 2373 341 2422 §.
366 2363 505 2410 XIII.
545 2361 613 2410 Ut
638 2363 893 2411 testimonia
918 2363 1082 2409 horum
1108 2361 1370 2421 afferamus,
1408 2376 1508 2425 quae
1529 2359 1722 2406 diximus
1733 2376 1840 2423 pro-

241 2427 347 2475 deat
372 2432 571 2473 Zonaras
593 2432 638 2473 in
662 2431 839 2473 Valente
864 2463 875 2479 ‚
921 2429 996 2490 qui
1021 2427 1078 2474 de
1103 2427 1192 2473 hoc
1220 2426 1466 2490 Sortilegio
1490 2427 1551 2470 ita
1585 2423 1702 2471 satur
1726 2442 1736 2470 ;
1782 2426 1839 2472 In

236 2493 423 2554 pulvere
451 2509 579 2538 xxw.
617 2494 759 2540 literae
791 2490 1046 2539 scribuntur
1079 2492 1128 2537 ὃς
1164 2491 1345 2554 singulis
1377 2488 1622 2559 apponitur
1644 2503 1837 2550 granum

236 2557 401 2613 tritici,
434 2556 599 2606 deinde
623 2558 783 2608 Gallus
809 2559 857 2605 in
880 2556 1033 2605 medio
1059 2555 1302 2667 statuilt311{)‚
1346 2571 1452 2603 cuin
1478 2567 1676 2600 carmina
1711 2568 1837 2664 qciliae-

1318 2633 1337 2682 3
1763 2633 1835 2664 am
