2143 3081
525 151 630 208 DE
706 150 984 209 S1GL1s
1060 152 1478 213 VETERUM.
1608 150 1618 162 ”
1693 172 1792 210 121

561 257 631 320 Q
1023 257 1139 302 SUC.
1174 254 1306 320 JUN.
1341 258 1603 320 Succenfizna
1625 272 1725 323 quae
1749 255 1798 303 ὃ(

203 320 364 384 QUJR.
399 320 615 432 Qaeiritss.
1097 319 1245 385 Junia.

203 451 359 496 ΗΘΜ.
397 452 597 495 Romilia.
1027 452 1167 498 TER.
1197 453 1442 500 Terentina.

563 514 610 561 S.
1026 520 1155 561 TRO.
1187 519 1462 562 Tromentina

202 582 335 624 SAB.
371 577 595 625 Sabatina.
1378 584 1439 630 V.
1557 624 1563 629 .

198 646 408 690 SCAPT.
443 647 616 705 Scaptia
1022 649 1067 689 V
1065 647 1104 688 E
1107 642 1244 706 JEN.
1275 649 1323 688 V
1317 650 1498 702 ejentina

201 712 323 753 SER.
358 711 521 770 Sergia.
1020 711 1147 752 VEL.
1180 710 1333 753 Velina

198 774 367 816 STEL.
404 774 629 816 Stellatina
1019 773 1157 818 VET.
1192 777 1398 818 Vetraria

198 839 316 881 SUB.
339 836 409 881 vel
436 838 550 881 SUC.
577 832 743 881 Subura
770 833 841 881 vel
865 837 969 878 Suc-
1020 839 1160 883 VOL.
1196 840 1367 885 Voltz'na

263 902 440 961 censtma
1019 905 1066 946 V
1063 904 1158 948 OT,
1190 906 1358 949 Velina.

741 1085 1026 1140 CAPUT
1101 1082 1262 1138 XXI.

566 1207 649 1263 De
696 1208 728 1262 S
752 1230 771 1265 1
796 1230 832 1266 G
858 1229 887 1262 L
913 1231 931 1264 1
957 1227 977 1262 s
1021 1208 1410 1284 thismatum.

203 1363 240 1411 §.
264 1354 299 1400 Ι.
337 1357 527 1467 Haec
553 1353 652 1400 lime
675 1357 860 1402 materia
884 1356 940 1402 de
965 1356 1125 1403 SlGLls
1151 1357 1470 1406 numismatum
1493 1364 1689 1411 maxime
1711 1382 1789 1413 ne-

460 1419 635 1465 cossai-ia
656 1420 865 1466 omnibus
886 1420 1025 1478 scitu,
1049 1422 1126 1483 qui
1149 1422 1467 1471 eruditivideri
1482 1428 1656 1476 volunt.
1693 1432 1790 1478 Ha-

199 1499 299 1532 rum
333 1485 495 1530 notitia
527 1500 743 1548 magnum
779 1484 911 1532 affert
944 1484 1185 1532 subsidium
1219 1487 1266 1533 in
1291 1487 1483 1536 historiis
1505 1529 1517 1545 ,
1544 1493 1691 1541 lucem
1718 1514 1792 1544 ac-

199 1548 354 1595 cendit
389 1549 435 1593 in
456 1549 714 1595 evolvendis
740 1549 1094 1611 antiquitatibus.
1164 1551 1253 1597 Per
1278 1553 1355 1598 has
1379 1556 1520 1602 totius
1542 1556 1635 1604 fere
1657 1562 1792 1609 Anti-

200 1614 380 1677 quitatis
405 1612 661 1659 Thesaurus
686 1614 933 1659 recluditur
948 1631 967 1662 ;
1002 1614 1109 1660 hinc
1133 1614 1401 1677 depromere
1428 1618 1562 1677 licet,
1597 1638 1700 1685 quae
1735 1627 1789 1673 ad

199 1690 374 1725 veteres
386 1676 638 1740 Scriptores
661 1677 935 1723 evolvendos
957 1678 1006 1724 ’ἃ
1026 1678 1278 1741 expeditius
1298 1682 1658 1745 interpretandos
1671 1692 1790 1740 viam

199 1741 434 1804 aperiunt,
469 1757 660 1805 quaeque
681 1742 943 1801 Po'e'tffam,
978 1742 1336 1792 Grammaticam
1362 1746 1410 1792 &
1432 1747 1793 1816 Ortographiam

199 1823 293 1852 non
317 1821 473 1868 parum
497 1819 674 1852 ornant.
740 1810 895 1865 Quare
917 1809 1053 1854 etiam
1077 1825 1234 1856 omnes
1271 1809 1328 1858 eo
1359 1811 1561 1861 laborare
1595 1817 1791 1881 debent,

200 1884 253 1918 ut
278 1871 456 1918 SIGLAS
482 1871 558 1916 has
581 1870 898 1917 numismatum
920 1870 1001 1918 fibi
1033 1885 1160 1919 notas
1196 1874 1360 1922 faciant
1379 1910 1394 1935 ‚
1444 1894 1535 1939 quo
1569 1880 1792 1934 feliciores

200 1935 452 2000 progreiius
487 1937 533 1982 in
567 1934 828 1997 Disciplinis
859 1937 954 2000 jam
989 1937 1135 1984 citatis
1167 1937 1313 1985 facere
1345 1941 1524 2002 poffint.
1592 1945 1793 2014 Campus

202 2002 386 2064 quidem
414 1999 640 2048 latiffimus
665 1999 707 2046 se
733 2001 869 2048 offert
894 2036 909 2061 ‚
956 2000 1034 2047 ubi
1058 2002 1191 2049 flores
1214 2003 1442 2069 elegantes
1474 2009 1714 2074 decerpere
1743 2016 1792 2063 &

200 2066 417 2128 colligere
441 2063 522 2111 fibi
540 2066 763 2125 juventus
784 2066 934 2129 potest
956 2100 971 2125 ‚
1016 2065 1157 2114 modo
1181 2081 1333 2116 utatur
1356 2072 1516 2120 mediis
1539 2108 1554 2133 ,
1600 2093 1792 2139 quorum

199 2128 395 2176 subsidio
416 2128 631 2176 facillimo
657 2132 846 2194 negotio
870 2131 925 2178 ad
950 2131 1136 2195 scopum
1168 2136 1403 2196 pervenire
1435 2139 1597 2200 potest.
1668 2144 1790 2194 Cum

200 2195 352 2258 itaque
377 2192 501 2239 bono
527 2210 630 2240 cum
655 2195 761 2241 Deo
783 2196 874 2242 huc
899 2195 1036 2260 usque
1067 2197 1097 2242 S
1112 2213 1127 2243 1
1142 2213 1172 2243 G
1189 2215 1220 2244 t.
1235 2213 1301 2245 As
1333 2202 1554 2251 variarum
1586 2205 1790 2257 scientia-

202 2275 302 2306 rum
339 2257 752 2322 perlustraverimus
775 2295 786 2312 ,
832 2260 880 2306 &
910 2276 963 2308 ut
996 2261 1220 2324 speramus
1246 2279 1415 2329 magno
1448 2285 1554 2315 cum
1598 2271 1744 2321 fructu
1770 2297 1786 2331 3

199 2324 304 2384 Jam
325 2322 636 2370 constituimus
660 2339 839 2387 quoque
859 2326 1037 2373 SmLAs
1062 2328 1379 2379 numismatum
1402 2335 1686 2398 antiquorum
1711 2339 1785 2400 ju-

205 2387 273 2434 sto
302 2388 460 2435 ordine
492 2386 701 2434 collectas
726 2422 742 2447 ,
786 2390 849 2436 ita
878 2403 982 2437 ante
1005 2391 1160 2439 oculos
1183 2409 1352 2457 ponere
1373 2430 1390 2456 ‚
1430 2412 1483 2446 ut
1505 2415 1640 2446 nemo
1661 2406 1787 2464 queri

206 2452 370 2500 habeat
388 2452 444 2501 de
467 2452 738 2500 obscuritate
763 2454 836 2508 vel
857 2454 1134 2504 difficultate.

274 2527 309 2575 ς.
325 2517 386 2562 ΙΙ.
419 2517 465 2563 Si
480 2533 600 2564 nunc
619 2519 907 2582 antiquorum
929 2520 1546 2587 numismataperlustramus‚
1570 2529 1615 2575 in
1640 2533 1788 2579 omni-

207 2581 291 2630 bus
336 2593 478 2629 certas
515 2581 693 2631 SieLAs
733 2582 807 2632 seu
832 2585 979 2636 literas
1015 2586 1272 2652 Singulares
1301 2591 1597 2654 conspicimus
1621 2630 1633 2648 ‚
1684 2612 1790 2658 quas

1654 2676 1791 2709 nemo
