2143 3081
556 131 664 188 Dr.
719 130 992 188 ὃπου-ς
1032 131 1451 194 VETERUM.
1699 155 1804 211 271

222 242 251 289 i.
277 256 318 289 e.
353 238 421 287 Ob
445 244 614 306 egregia
636 247 726 300 ejus
738 244 781 286 in
796 239 1116 302 Rempublicam
1140 244 1298 285 merita
1320 240 1501 286 Domini
1512 236 1639 298 nostri
1651 246 1699 289 V
1693 244 1813 288 alen-

219 310 411 352 tinianus
455 310 505 354 (ῤ’
540 309 697 351 Valens
723 308 911 351 Vihhres
956 308 1008 353 ὠ·
1043 304 1392 366 Triumphatores
1414 308 1583 367 semper
1615 305 1812 371 Augusti

218 374 420 416 Statuam
436 370 517 431 fhb
543 389 646 416 auro
672 370 867 429 constitui
900 372 1115 431 locariqne
1139 371 1362 430 jusserunt.
1434 372 1621 418 Interim
1658 385 1811 420 tamen

216 436 406 485 Senatus
441 437 633 498 aliquam
661 437 1001 483 Authoritatem
1027 436 1111 481 hac
1135 435 1182 482 in
1205 451 1252 481 re
1282 436 1562 483 conservavit
1587 470 1602 496 ‚
1645 438 1707 484 ita
1742 450 1811 485 ta·

215 512 323 549 rnen
346 516 397 548 ut
420 500 476 547 ab
503 501 855 565 Imperatoribus
877 499 1147 563 potestatem
1172 514 1381 563 peterent
1406 537 1417 553 ,
1467 502 1534 548 uti
1557 500 1731 548 constat
1753 518 1811 549 ex

215 567 300 614 hac
328 565 624 628 Inscriptione
653 585 663 613 τ
711 566 771 611 D.
799 567 859 612 D.
887 566 954 611 N.
979 565 1045 611 N.
1070 565 1377 612 ARCHAD.
1401 565 1507 612 ET.
1533 566 1807 613 HONOR.

212 630 520 679 FELICISS.
545 631 634 677 AC
659 630 934 677 DOCTSS.
961 630 1138 676 IMPP.
1164 630 1309 677 SEN.
1336 631 1481 677 PET.
1499 630 1687 677 STAT.
1716 631 1811 679 IN.

214 691 367 744 FOR.
402 695 541 743 DIV.
574 692 758 754 TRAJ.
795 695 902 741 ER.
947 691 1342 742 COLLOCAR.
1385 694 1812 756 JUSSERUNT.

216 763 246 809 i.
272 778 312 809 e.
346 759 675 818 Dominimost'ri
698 759 954 804 Archadius
980 761 1030 808 ὠ
1056 763 1272 804 Honorius
1283 760 1517 821 felictffimi
1542 763 1596 804 ac
1622 760 1812 820 1)οὲἶίᾔῖ-

216 830 281 872 mi
302 831 583 887 Imperatores
605 831 765 870 Senatu
780 839 945 886 petente
972 829 1175 869 Statuam
1200 828 1243 869 in
1269 829 1372 869 Poro
1396 825 1496 869 clivi
1520 826 1703 883 Trajani
1726 828 1814 870 eri-

205 894 260 955 gi
291 893 566 951 collocarique
590 891 807 950 sufferunt.
872 888 1131 935 Confirmat
1165 889 1255 936 hoc
1300 892 1436 936 ctiam
1473 890 1557 936 alia
1585 908 1594 935 :
1638 889 1814 937 HUIC

209 955 362 1003 'SEN.
386 954 645 1002 AUTOR.
664 954 955 1014 1MP.TRJ.
973 953 1362 1000 AUGGERM.
1380 954 1533 1001 DAC.
1549 955 1813 1003 TRIUM-

212 1018 467 1069 PHALIA
491 1019 709 1067 ORNA.
733 1018 937 1065 DECR.
962 1017 1204 1064 STATU.
1237 1019 1285 1063 Ρ.
1310 1018 1361 1063 Ρ.
1383 1019 1437 1064 Ρ.
1463 1018 1520 1064 C.
1544 1021 1571 1064 i.
1596 1035 1632 1065 e.
1689 1023 1813 1064 Huic

214 1090 395 1130 Senatus
425 1083 624 1129 Authore
648 1084 839 1143 Trajano
870 1080 1064 1145 Augusto
1084 1085 1339 1126 Germanico
1359 1084 1525 1127 Dacico
1548 1082 1812 1144 Triumpha-

209 1153 283 1197 lic.
297 1152 565 1195 ornamenta
591 1148 788 1193 decrevit
800 1144 1002 1205 statuam
1017 1149 1205 1212 pecnnia
1222 1145 1400 1208 publica
1419 1147 1656 1210 ponendam
1684 1165 1812 1193 cura-

211 1218 307 1275 vit,
339 1213 413 1261 vel
433 1213 606 1273 censuit.
1791 1250 1799 1258 .

272 1289 310 1338 §.
337 1280 426 1327 IV.
457 1280 585 1325 Hinc
617 1275 735 1341 faepe
772 1277 819 1324 in
845 1275 1217 1340 Inscriptionibus
1251 1273 1493 1324 statuarum
1524 1276 1809 1340 publicarum
1863 1270 1866 1274 ’

211 1345 285 1393 hae
311 1343 482 1391 SmLAE
507 1344 805 1406 reperiuntur.
839 1341 883 1388 S.
908 1343 960 1388 P.
983 1342 1135 1402 QR.
1159 1341 1221 1387 D.
1243 1341 1271 1387 i.
1298 1358 1336 1388 c.
1366 1341 1558 1390 Senatus
1595 1342 1810 1406 populus·

210 1426 299 1473 que
322 1410 560 1456 Romanus
596 1407 796 1454 decrevit
819 1444 830 1459 ,
879 1407 948 1453 uti
984 1423 1041 1454 ex
1071 1407 1162 1452 hoc
1197 1407 1333 1453 titulo
1369 1420 1518 1469 patet:
1553 1406 1614 1453 L.
1637 1407 1808 1453 Ranio.

207 1474 269 1521 L.
307 1475 360 1523 F.
397 1472 587 1521 POBL.
621 1471 908 1519 OPTATO
944 1473 1005 1520 V.
1045 1470 1102 1517 C.
1126 1470 1268 1518 COS.
1293 1471 1458 1519 ORD.
1487 1471 1647 1519 CUR.
1670 1472 1732 1518 R.
1754 1473 1807 1519 P,

207 1539 477 1586 NOLAN.
506 1535 667 1586 GUR.
704 1536 843 1584 PEC.
873 1537 925 1583 P.
949 1552 1026 1584 xv.
1053 1536 1190 1585 VIR.
1220 1535 1453 1584 SACRIS
1477 1535 1808 1587 FACIUND.

199 1604 551 1652 PATRONO
584 1604 646 1650 R.
676 1604 729 1650 P.
759 1618 807 1648 11
826 1619 861 1647 1.
890 1602 1066 1649 VIRO
1088 1601 1183 1647 AD
1206 1601 1369 1648 AGR.
1398 1600 1611 1648 DIVID.
1636 1601 1686 1647 X
1714 1602 1809 1649 VI-

203 1669 307 1716 Ro
338 1668 622 1716 STLITIB.
657 1666 1026 1727 JUDICAND.
1062 1665 1251 1713 STAT.
1289 1667 1382 1714 EX
1417 1665 1570 1713 AER.
1594 1665 1640 1712 S.
1662 1666 1714 1712 P.
1742 1667 1809 1727 Q

204 1733 477 1781 NOLAN.
511 1733 573 1779 D.
612 1732 676 1778 D.
708 1732 782 1779 vel
817 1731 953 1778 etiam
990 1732 1079 1778 hae.
1137 1729 1232 1777 EX
1267 1731 1330 1778 D.
1357 1731 1422 1778 D.
1454 1732 1518 1777 D.
1545 1731 1609 1777 D.
1634 1732 1663 1777 i.
1687 1746 1725 1777 e.
1753 1748 1808 1775 ex

102 1814 106 1818 ⁴
202 1797 369 1844 decreto
393 1800 689 1843 Decurionum
724 1796 948 1842 dederunt.
973 1797 1041 1842 uti
1064 1794 1157 1841 EX
1183 1796 1336 1842 AER.
1370 1794 1573 1843 COLL.
1615 1795 1806 1843 STAT.

199 1863 251 1910 P.
275 1862 330 1909 C.
360 1864 425 1911 D.
444 1860 625 1909 MUN.
648 1859 809 1908 CAES.
855 1860 928 1906 Ex
951 1861 1019 1906 his
1043 1861 1195 1921 itaque
1222 1860 1324 1906 luce
1348 1860 1594 1906 meridiana
1622 1876 1690 1906 res
1717 1861 1806 1907 cla-

199 1929 293 1975 rior
311 1962 329 1988 ,
374 1927 498 1992 quod
530 1938 705 1974 veteres
731 1927 778 1972 in
803 1922 1180 1988 Inscriptionibus
1207 1925 1467 1972 Statuamm
1494 1925 1523 1972 S
1539 1941 1554 1971 1
1572 1940 1603 1971 G
1621 1940 1678 1971 L1
1698 1941 1716 1971 s
1742 1925 1808 1973 u'fi

198 1992 381 2042 fuerint.

260 2067 297 2116 §.
320 2059 381 2107 V.
418 2057 495 2103 De
528 2053 760 2102 ordinibus
792 2055 1030 2102 civitatum
1056 2090 1074 2109 ,
1111 2070 1251 2118 penes
1286 2070 1398 2118 quos
1433 2052 1632 2116 potestas
1665 2052 1804 2102 fuerit

198 2122 471 2170 decernendi
496 2120 657 2168 statuas
672 2157 682 2173 ‚
720 2119 810 2165 hoc
832 2120 1025 2183 legimus
1041 2153 1057 2178 ‚
1092 2118 1215 2183 quod
1240 2118 1273 2165 fi
1297 2121 1393 2183 quis
1416 2117 1606 2165 statuam
1630 2135 1807 2181 ponere

197 2189 337 2236 vellet
359 2221 375 2247 ,
420 2188 596 2233 veniam
631 2186 753 2248 prius
785 2183 841 2230 ab
866 2185 1025 2231 ordine
1054 2186 1298 2247 impetrare
1322 2181 1559 2240 debuerim
1582 2185 1806 2245 s‘qum-ein

197 2249 574 2316 Inscriptionibus
605 2250 652 2296 in
687 2248 779 2295 fine
808 2249 988 2297 additur
1009 2283 1025 2309 ,
1075 2254 1325 2313 Impetrata
1358 2249 1495 2296 venia
1517 2246 1587 2294 ab
1626 2247 1804 2296 Ordine

188 2317 386 2365 statuam
412 2317 475 2364 D.
501 2316 550 2363 S.
569 2315 621 2360 P.
651 2314 700 2360 P.
724 2313 778 2357 de
793 2315 876 2374 sna
889 2318 1076 2380 pecunia
1093 2316 1334 2376 pofherunt.
1398 2312 1537 2360 Ordo
1561 2325 1714 2359 autem
1734 2315 1805 2360 ni-

195 2383 262 2430 hil
282 2383 404 2430 aliud
426 2393 549 2440 erat,
583 2376 719 2442 quhm
744 2377 934 2426 Senatus
961 2380 1159 2428 civitatis
1188 2379 1214 2428 ἐι
1234 2396 1331 2444 vquo
1355 2378 1498 2427 Ple‘bs
1525 2377 1711 2443 petebat
1723 2395 1807 2426 ve-

192 2449 313 2494 niam
338 2446 498 2495 statuas
521 2442 787 2493 collocandi.
824 2445 953 2492 Hinc
972 2446 1131 2493 ultima
1159 2446 1294 2494 verba
1305 2442 1805 2508 adjiciuntur‘PLEBS

188 2513 352 2561 URB.
385 2511 514 2576 plebs
549 2509 718 2560 urbana
751 2508 812 2569 U·
856 2510 1074 2557 PLEBS.
1104 2508 1473 2559 BENVENT.
1514 2509 1568 2554 C.
1602 2509 1654 2555 P.
1703 2510 1731 2555 i.
1755 2525 1802 2556 e.

190 2579 413 2641 vniversa
445 2576 559 2643 plebs
592 2581 792 2623 Beneven
811 2590 918 2622 tana
946 2577 1110 2638 censitis
1134 2576 1372 2641 ponendam
1398 2607 1413 2636 9
1463 2573 1566 2622 'sciL
1586 2573 1808 2620 statuam.

1658 2639 1782 2701 QJae
