2143 3081
599 169 1464 231 DESmmst-ERUM.
1689 190 1794 254 253

212 272 268 319 V.
292 274 346 318 E.
370 272 428 319 L.
453 274 503 319 R.
539 274 687 321 Vidua
710 273 899 324 &liberi
913 291 978 321 re·
1393 274 1455 325 X.

278 340 385 384 lim.
738 340 740 342 ·
1036 335 1171 387 RP'M.
1207 336 1436 396 christum.

212 405 268 450 V.
294 407 339 449 F.
376 405 510 448 vivus
522 403 653 463 fecit.
1388 403 1475 449 W.

213 470 261 510 V
259 472 317 512 ,Ἰ
317 504 325 513 .
358 470 438 511 Vir
459 466 644 525 illustris.
1032 468 1096 513 W.
1114 468 1177 514 W.
1210 465 1421 513 VVarrlich
1439 466 1664 516 warrlich.

213 535 268 579 V.
289 535 331 576 S.
365 535 447 578 Vir
457 531 713 595 speelabilis.

210 658 276 707 Et
312 660 413 706 haec
449 660 670 723 potislima
695 660 794 706 sunt
816 692 831 718 ,
875 673 982 722 quae-
1001 658 1057 706 de
1083 658 1245 705 SIGLIS
1272 658 1632 724 Sepulchralibus
1657 661 1792 708 Chri-

211 723 453 796 stianorum
490 725 638 773 dicere
675 725 933 773 voluimus:
970 735 1133 772 caetera
1156 723 1333 786 judicio
1374 724 1628 773 Lectorum
1661 726 1793 773 reline

207 803 395 851 quimus.

669 937 721 996 C
742 958 776 995 A
797 961 826 999 P
845 961 879 997 u
901 959 940 997 T
1015 939 1296 997 XXXIII.

306 1061 391 1121 De
435 1063 665 1122 SIGLI
691 1083 710 1119 s
756 1064 1083 1119 URNARUM
1131 1065 1199 1127 όν
1243 1066 1562 1122 OLLARUM
1602 1065 1700 1120 SE-

678 1166 1296 1227 ruLCHRAmtJM.

202 1304 238 1355 ς.
265 1295 301 1343 Ι.
338 1294 638 1409 Hactenus
668 1295 861 1344 vidimus
896 1296 1073 1344 SIGLAS
1104 1296 1151 1342 in
1174 1294 1543 1360 Inscriptionibus
1568 1294 1789 1345 Christia4

460 1363 526 1408 nis
557 1360 747 1408 ufitatas.
817 1360 960 1407 Nunc
996 1360 1109 1407 ordo
1145 1360 1341 1423 postulat
1363 1395 1379 1420 ,
1425 1374 1478 1408 ut
1503 1362 1639 1408 etiam
1663 1378 1788 1425 quae·

199 1424 303 1472 dam
328 1426 384 1472 de
407 1429 532 1472 Urnis
554 1424 601 1472 ὃς
624 1428 710 1469 ollis
719 1424 1060 1486 sepulchralibus
1083 1425 1130 1471 in
1153 1425 1354 1472 medium
1377 1424 1653 1489 proferamus
1667 1459 1686 1485 ,
1716 1427 1785 1473 vi-

197 1489 285 1536 suri
317 1507 373 1537 an
408 1492 544 1537 etiam
569 1490 728 1537 SIGLIS
752 1502 921 1536 notatae
944 1489 1124 1536 fuerint.
1192 1489 1382 1537 Constat
1404 1489 1452 1536 &
1475 1489 1684 1536 omnibus
1703 1506 1787 1537 no-

197 1566 297 1602 tum
317 1554 403 1609 est,
442 1557 517 1618 qui
540 1555 845 1617 Antiquitates
869 1555 1099 1601 Romanas
1126 1553 1438 1618 Sepulchrales
1462 1552 1604 1601 modb
1638 1554 1786 1618 inspe-

194 1632 360 1666 xerunt
382 1653 398 1679 ‚
439 1621 683 1682 antiquitus
718 1620 854 1665 moris
879 1618 1009 1666 fuisse
1037 1652 1053 1677 ,
1100 1632 1152 1666 ut
1173 1619 1387 1666 cadavera
1408 1631 1714 1666 cremarentur
1735 1619 1785 1666 ὅτ,

195 1684 366 1729 cineres
388 1685 435 1731 in
456 1687 576 1732 urnis
594 1683 957 1731 reconderentur.
1023 1683 1101 1728 De
1125 1699 1211 1746 qua
1232 1700 1279 1730 re
1302 1683 1394 1746 legi
1419 1682 1601 1746 possunt
1624 1684 1783 1747 Quen-

185 1745 298 1804 sted.
332 1747 385 1792 de
417 1751 644 1810 Sepultura
672 1762 807 1792 veter.
842 1748 1029 1806 Castalius
1054 1746 1107 1790 de
1132 1746 1305 1793 ritibus.
1371 1747 1575 1793 Schedius
1601 1747 1652 1792 de
1677 1750 1784 1792 Diis

196 1813 398 1857 German.
427 1812 535 1872 Joh.
566 1815 749 1859 Henric.
778 1814 973 1874 Kipping.
1007 1815 1142 1872 antiq.
1171 1817 1347 1858 Roman.
1371 1810 1424 1855 de
1444 1813 1781 1858 Graecor.Lu5Ztc

193 1876 319 1920 trust.
343 1875 522 1922 Guther.
546 1876 599 1920 de
612 1882 715 1933 jure
739 1892 853 1919 man.
878 1876 927 1922 ὠ
957 1876 1033 1937 qui
1056 1876 1129 1921 alii
1151 1874 1251 1922 sunt
1267 1913 1277 1928 ‚
1311 1876 1387 1938 qui
1411 1875 1467 1920 de
1492 1876 1576 1921 hac
1598 1877 1783 1923 materia

190 1952 396 2002 egerunt.
459 1940 614 2002 Quare
644 1938 880 1986 nobiscum
904 1939 1214 1986 constituimus
1239 1940 1296 1985 de
1321 1938 1459 1985 Urnis
1484 1939 1531 1985 &
1551 1939 1669 1985 Ollis
1696 1940 1778 1986 Se·-

189 2004 495 2067 pulchralibus
529 2004 735 2068 quaedam
773 2004 960 2052 tradere.
1030 2003 1292 2066 Priusquam
1328 2017 1480 2050 autem
1516 2003 1571 2048 ad
1597 2003 1776 2051 Smms

188 2084 272 2115 nos
295 2068 576 2116 conferamus
599 2106 611 2122 ‚
656 2084 807 2131 operae
831 2068 1026 2131 pretium
1062 2068 1150 2114 esse
1187 2068 1394 2115 duximus
1420 2102 1431 2119 ,
1478 2068 1685 2129 quaedam
1719 2069 1777 2115 de

188 2133 314 2178 Urnis
343 2134 391 2180 in
422 2133 693 2181 anteceffum
728 2148 913 2180 monere
934 2168 945 2186 ,
995 2147 1096 2195 quae
1131 2132 1242 2179 haut
1277 2133 1453 2195 ingrata
1477 2131 1599 2186 fore,
1631 2132 1777 2196 speraf

188 2211 302 2244 mus.

251 2271 288 2319 §.
314 2262 375 2309 II.
410 2261 539 2310 Urna
571 2265 710 2327 igitur
741 2263 852 2311 teste
881 2260 1081 2326 Johanne
1118 2259 1312 2320 Baptista
1342 2262 1530 2305 Ferretio
1560 2262 1604 2304 in
1633 2261 1777 2319 Musts

190 2326 430 2389 lapidariis.
453 2328 555 2372 edit.
583 2332 732 2373 Veron.
763 2334 897 2384 1672.
913 2328 994 2386 fol.
1022 2343 1079 2371 m.
1110 2321 1215 2382 19⁶).
1237 2338 1331 2373 erat
1353 2341 1426 2372 vas
1447 2323 1537 2371 fixe
1568 2324 1771 2388 capsula,

187 2393 236 2438 in
257 2408 343 2455 qua
363 2406 648 2440 mortuorum
673 2393 843 2438 cineres
862 2389 1234 2437 recondebantur.
1300 2391 1424 2437 Cum
1449 2391 1568 2436 enim
1592 2405 1688 2435 mos
1711 2389 1776 2436 es-

188 2455 252 2503 set
279 2493 290 2509 ‚
339 2471 622 2504 mortuorum
661 2456 875 2503 cadavera
899 2470 1096 2502 cremare
1119 2487 1136 2514 ‚
1178 2453 1273 2501 usta
1298 2455 1482 2502 materia
1505 2456 1551 2499 in
1576 2454 1774 2500 cinerem

186 2520 260 2567 vel
282 2521 514 2584 pulverem
539 2519 850 2586 redigebatur,
889 2519 937 2567 ὅτ.
960 2536 1043 2582 pro
1066 2519 1288 2566 cineribus
1311 2518 1528 2565 dabantur
1540 2534 1665 2565 urnae
1680 2534 1776 2564 ma-

180 2583 302 2646 jores
328 2585 376 2635 &
398 2587 593 2635 minores
608 2619 624 2647 ,
659 2588 706 2635 in
729 2584 890 2650 quibus
911 2583 1154 2696 recondit}
1171 2600 1278 2633 cum
1298 2582 1515 2643 officuh'5,
1546 2596 1651 2630 nam
1685 2581 1776 2653 ussi}

1144 2666 1156 2695 l
1196 2664 1214 2710 3
1614 2661 1774 2710 mssJOH
