2143 3081
249 174 350 230 ¹92
473 155 586 228 Jo.
628 148 993 205 N100LA1
1033 145 1529 203 TnAcTA'rro

247 256 347 305 aula
370 263 548 316 reperta
572 247 764 296 fuiffent.
809 247 884 295 Ad
910 244 1245 294 sustentandum
1267 243 1435 290 civium
1458 243 1599 290 vitam
1622 241 1768 293 decies
1794 243 1845 294 δε

252 316 545 383 quinquagies
581 326 774 361 centena
793 313 935 360 millia
954 325 1246 358 nummorum
1271 307 1477 372 erogavit
1501 339 1516 365 ‚
1559 306 1608 353 ὅ(
1629 308 1844 371 quosdam

253 381 481 430 Senatorii
504 379 693 426 Ordinis
716 377 917 441 delegit,
953 377 1030 437 qui
1067 390 1199 438 agros
1225 384 1457 429 emerent,
1494 370 1657 435 eosque
1690 375 1845 437 egenis

253 446 520 494 dividerent.
590 443 853 490 Commune
881 440 946 488 est
964 436 1318 503 Imperatoribus
1346 435 1525 483 tesseras
1554 452 1847 485 nummorum

252 510 426 575 populo
450 508 567 556 dare.
633 508 711 555 De
730 507 874 567 teſj‘era
899 505 1148 553 nummaria
1169 504 1266 565 egit
1287 503 1508 547 Guilielm.
1534 501 1678 556 Stuck.
1704 504 1748 546 in
1770 518 1847 548 an-

254 579 333 637 tiq.
358 575 588 619 Convival.
610 573 692 632 fol.
731 588 809 631 99.
842 570 945 616 edit.
970 571 1125 632 ngur.
1174 565 1413 630 Ejusmodi
1448 567 1556 612 ritus
1585 566 1758 613 Patavii
1781 568 1851 614 vi-

257 652 339 703 get
362 675 372 692 ,
415 639 526 686 dum
557 637 739 701 publice
771 634 1042 700 pauperibus
1071 633 1128 680 ad
1152 631 1380 679 charitatis
1402 629 1591 678 subfidia
1617 631 1664 677 in
1685 646 1853 680 execu-

258 706 433 752 tionem
455 705 634 766 piorum
660 702 915 765 legatorum
938 700 995 748 ad
1031 698 1193 745 festum
1221 696 1491 743 Nativitatis
1526 695 1574 741 ὃς
1595 693 1822 744 Paschatis
1838 731 1850 748 ‚

258 769 433 815 nummi
467 769 571 814 aerei
605 767 842 814 circulares
868 763 952 810 suis
974 763 1115 827 vulgo
1142 759 1370 809 BOLLE
1394 772 1503 807 nota
1523 759 1683 824 fignati
1710 760 1854 808 distri-

258 831 495 879 buuntur:
540 848 650 894 quos
688 831 943 892 quicunque
976 825 1348 890 dispensatoribus
1382 825 1527 871 adfert
1551 862 1560 878 ‚
1608 823 1750 871 modo
1775 842 1855 888 pa-

262 913 366 944 nem
388 930 402 957 ‚
449 894 590 942 modo
612 894 798 942 farinam
825 926 839 949 ,
879 892 1019 939 modo
1042 892 1197 939 vinum
1222 923 1237 948 ,
1281 888 1422 935 modo
1446 889 1650 936 denarios
1672 892 1851 954 accipit.

263 962 374 1009 Vid.
400 964 499 1006 Don
524 963 680 1005 Antan.
703 956 893 1022 Agostin.
917 958 1091 1020 Dialog.
1119 972 1158 1002 2.
1186 959 1229 999 in
1252 953 1452 1014 numzfm.
1476 958 1611 1015 antiq.

326 1035 364 1083 ς.
393 1026 482 1074 JV.
514 1023 563 1070 T
566 1024 718 1072 effera:
752 1022 977 1070 Militares
1025 1022 1135 1068 varii
1183 1019 1360 1083 generis
1405 1030 1546 1065 erant.
1615 1016 1721 1065 Una
1763 1032 1858 1067 erat

263 1089 519 1148 symbolum
540 1088 756 1136 bellicum
779 1086 852 1133 seu
878 1086 1078 1150 fignum,
1113 1101 1203 1148 quo
1225 1081 1421 1130 consocii
1447 1083 1611 1130 milites
1635 1082 1691 1129 ab
1718 1083 1857 1131 hosti-

265 1149 350 1202 bus
373 1153 774 1220 dignoscebantur,
811 1152 867 1198 de
888 1152 973 1198 hac
994 1153 1038 1194 V
1034 1152 1148 1213 irgil.
1169 1147 1242 1194 lib.
1267 1162 1310 1210 7.
1336 1147 1532 1192 cAEneid.
1579 1148 1641 1194 Et
1653 1150 1729 1193 Sil.
1755 1151 1860 1194 Ital.

267 1218 344 1266 lib.
385 1234 423 1281 5.
451 1222 556 1266 Liv.
577 1217 650 1264 lib.
675 1234 718 1281 7.
743 1220 891 1280 Veget.
961 1215 1078 1261 Haec
1101 1226 1253 1260 autem
1273 1211 1459 1258 Tess'era
1483 1212 1554 1259 vel
1578 1228 1672 1259 erat
1698 1211 1861 1257 verba-

268 1286 342 1343 lir,
378 1300 479 1346 quae
502 1299 586 1346 pro
607 1281 807 1329 moribus
833 1280 880 1326 Sc
903 1278 1118 1342 qualitate
1144 1280 1477 1341 Imperatorum
1503 1276 1738 1324 distributa
1756 1276 1860 1325 fuit.

268 1351 341 1397 Ita
365 1347 518 1413 Julius
547 1348 677 1407 Caefizr
698 1351 904 1391 Venerem
935 1347 1203 1388 Genetricem
1236 1339 1456 1404 usurpasse
1488 1340 1655 1387 dicitur
1689 1340 1861 1389 refferae

268 1414 389 1461 loco.
457 1414 512 1460 In
544 1410 692 1459 castris
710 1410 922 1474 Pompeji
947 1445 958 1462 ‚
1005 1409 1201 1453 Jnvifflus
1226 1408 1435 1450 Hercules
1467 1404 1729 1452 distributus
1763 1404 1864 1454 fuit.

272 1478 365 1525 vid.
390 1479 596 1522 Marcell.
632 1479 796 1522 Donat.
828 1472 1085 1519 dilue-idatio
1110 1476 1153 1517 in
1176 1473 1334 1517 Cornel.
1362 1471 1511 1516 Tacit.
1526 1484 1621 1534 pag.
1660 1487 1719 1516 m.
1761 1487 1864 1525 190.

274 1543 369 1591 Vel
394 1543 530 1589 etiarn
556 1541 716 1589 Sroms
743 1539 966 1594 inscripta.
1032 1536 1307 1584 Tess'erarius
1344 1535 1466 1581 enim
1496 1548 1681 1599 accepta
1710 1533 1868 1583 teffera

278 1607 305 1654 a
325 1606 567 1665 Tiibuno,
609 1605 744 1654 dabat
768 1603 1028 1651 Tesserariis
1055 1602 1311 1659 Ordinum,
1347 1600 1394 1647 ὃς
1428 1599 1610 1663 quisque
1631 1598 1868 1647 distribue-

278 1671 358 1719 bat
393 1671 573 1718 Ordini.
635 1671 755 1717 Haec
785 1668 987 1716 militaris
1022 1666 1178 1714 tess'era
1209 1664 1353 1713 inusta
1388 1677 1482 1710 erat
1515 1665 1645 1711 variis
1676 1666 1794 1711 notis
1820 1664 1870 1712 Sc

280 1736 467 1794 Smms,
499 1735 810 1798 cuique‘enim
833 1730 1156 1780 inscribebatur
1176 1730 1331 1777 Siata
1354 1728 1534 1775 ordinis.
1555 1743 1598 1774 v.
1619 1743 1663 1791 g.
1701 1729 1754 1775 H
1776 1742 1872 1777 erat

281 1798 584 1857 Hastatorum.
629 1800 683 1845 P.
707 1801 971 1858 Principum.
1029 1795 1091 1842 T.
1115 1797 1408 1839 Triariorum.
1475 1793 1531 1839 E.
1558 1795 1788 1853 Equitum.
1813 1794 1871 1840 de

283 1881 372 1928 qua
401 1881 449 1911 re
483 1863 690 1911 videatur
725 1862 959 1922 Godoscalc.
994 1859 1201 1906 Stewech.
1237 1863 1281 1903 in
1315 1870 1452 1903 annot.
1485 1856 1542 1904 ad
1560 1861 1705 1922 Veget.
1742 1858 1799 1905 de
1825 1865 1870 1904 re

285 1932 417 1976 milit.
440 1933 589 1992 Georg.
614 1926 785 1972 fabric.
808 1931 925 1973 Rom.
946 1923 1142 1981 illustrat,
1159 1938 1258 1987 pag.
1284 1941 1341 1968 m.
1376 1939 1390 1967 1
1405 1939 1479 1985 23.

355 2004 391 2051 ς.
415 1995 478 2041 V.
513 1992 727 2040 Succedit
747 1991 914 2051 Teffira
941 1990 1280 2052 Hospitalitatis,
1318 2003 1451 2051 quam
1477 1985 1676 2049 hospites
1695 2003 1875 2034 eorum-

289 2073 378 2121 que
408 2056 539 2104 liberi
570 2056 719 2103 secum
751 2055 955 2101 ferebant
980 2091 991 2108 ,
1039 2067 1092 2101 ut
1117 2053 1289 2101 facilius
1312 2051 1338 2099 a
1359 2050 1584 2098 veteribus
1610 2051 1659 2098 &
1682 2053 1878 2115 paternis

290 2120 544 2184 hospitibus
567 2119 748 2185 agnosci
762 2119 952 2182 poss'ent.
1018 2118 1170 2181 Hujus
1183 2117 1375 2164 formam
1390 2115 1614 2177 Euripidiae
1634 2115 1881 2173 Scholiastes

290 2190 338 2231 in
359 2185 530 2230 Medea
567 2186 740 2248 optime
774 2182 999 2230 describit.
1068 2184 1164 2242 Qui
1195 2183 1393 2247 hospites
1414 2181 1611 2228 invicem
1634 2179 1734 2228 fieri
1756 2182 1883 2229 vole-

293 2250 406 2298 bant
429 2283 446 2310 ,
488 2250 630 2298 talum
667 2248 891 2313 quendam
923 2246 1234 2295 discindebant
1267 2248 1313 2294 in
1342 2246 1450 2293 duas
1485 2245 1676 2309 aequales
1704 2259 1881 2310 parte33

296 2331 434 2363 unam
468 2315 540 2374 ii,
580 2316 657 2378 qui
686 2314 931 2377 hospitium
967 2311 1233 2376 praebebant
1266 2311 1347 2359 fibi
1371 2310 1615 2358 retinentes
1640 2343 1657 2369 9
1698 2311 1886 2358 alteram

298 2381 457 2428 dantes
481 2381 551 2440 ei,
585 2381 661 2443 qui
681 2379 840 2442 hospes
864 2378 964 2426 fieri
983 2376 1179 2426 solebat:
1216 2378 1265 2426 &
1290 2377 1323 2425 fi
1345 2375 1603 2440 contigisset
1622 2375 1679 2422 de
1703 2389 1889 2430 caetero,

298 2446 370 2493 uti
389 2442 502 2493 alter
521 2445 701 2492 alterius
724 2443 968 2507 hospitium
995 2442 1190 2502 subiret,
1222 2442 1523 2507 producentes
1545 2439 1784 2488 dimidium
1814 2441 1894 2489 tali

301 2509 582 2558 renovabant
608 2511 710 2572 jura
746 2508 993 2572 hospitalia.
1061 2508 1240 2556 Harum
1289 2507 1480 2555 formam
1527 2505 1659 2553 nobis
1705 2506 1895 2553 exhibet

303 2574 458 2638 Philip.
481 2574 642 2638 Jacob.
664 2575 875 2641 Tomafim'
898 2578 942 2622 in
968 2571 1119 2624 libello.
1143 2573 1197 2622 de
1221 2573 1352 2637 teffi’r.
1383 2570 1571 2635 hospital.
1608 2587 1713 2635 quae
1749 2571 1898 2619 forma

1825 2652 1901 2683 10-
