2143 3081
353 180 427 239 1³4
604 163 711 236 Jo.
764 156 1141 213 NrcoLAI
1196 146 1694 205 TRACTATIO

338 267 414 324 fis.
483 263 716 310 Notarum
753 258 799 304 in
835 252 1073 303 scribendo
1107 248 1380 313 compendia
1412 246 1460 293 δί
1488 246 1656 310 figuras
1683 246 1824 292 varias
1849 247 1952 293 ver}

355 331 519 377 borum
541 322 881 372 multitudinem
907 316 1348 383 comprehendentes
1369 312 1498 360 brevi
1522 311 1743 359 assecutus
1757 346 1772 371 a
1787 313 1833 359 in
1856 312 1954 358 Ex-

355 408 595 458 ceptorum
631 405 822 436 numero
855 385 1087 431 dedicatus
1111 381 1288 425 enituit.
1355 382 1544 423 Marcus
1566 381 1749 422 Dialeon.
1777 382 1951 424 Gaaena

339 462 402 518 fis
429 462 473 503 in
499 462 596 501 vita
629 459 675 500 S.
699 450 923 516 Porphyrii
947 448 1131 509 Epzfiop.
1160 444 1340 504 Gazensss
1374 460 1414 486 n.
1440 442 1516 489 88.
1543 461 1599 488 ex
1634 443 1815 500 vefflone
1843 446 1953 488 Gen-

351 528 466 568 tiani
491 525 678 567 Hervet.
879 516 1090 560 Cornelius
1282 507 1422 555 sciens
1451 509 1572 555 notis
1593 508 1783 555 scribere
1805 542 1821 568 ‚
1854 510 1956 572 qui-

349 586 434 635 bus
468 599 659 635 utuntur
693 586 742 632 in
767 586 870 648 jure
904 586 1071 620 -------»ῑι
1101 574 1292 624 notabat
1329 574 1483 621 omnia
1508 607 1523 632 ‚
1559 589 1661 636 quae
1686 573 1953 622 dicebantur

352 653 402 700 ἓξ
441 651 805 716 opponebantur.
884 652 926 694 S.
961 642 1210 690 Rembertes
1240 645 1283 685 in
1322 644 1405 685 vit.
1440 643 1482 684 S.
1520 637 1773 698 Anfi'hcxrii.
1809 638 1952 685 Arch.

352 723 502 763 Brem.
528 732 619 778 cap.
653 733 669 762 1
686 729 726 777 5.
787 710 934 761 Porro
968 738 1130 748 -—-—-
1166 704 1300 770 quarn
1329 702 1546 751 studiosus
1572 702 1709 750 fucrit
1735 699 1956 751 testantur

354 783 553 829 Codices
576 780 731 844 magni
756 777 877 842 apud
899 791 1003 830 nos,
1029 790 1145 838 quos
1164 769 1256 835 ipse
1279 771 1462 833 propria
1485 784 1622 816 manu
1651 784 1733 832 per
1768 767 1823 814 Ν
1827 785 1952 817 0TAs

352 863 380 894 c
412 847 523 894 nscri
562 845 592 892 fi
621 882 630 891 .

382 859 615 968 O§.leH.t
641 908 786 976 Qiod
811 906 867 955 ad
886 904 1133 969 Originem
1169 900 1453 948 NOTARUM
1483 899 1824 958 attinet‚vai·iae
1851 898 1953 949 sunt

354 976 640 1039 Scriptorum
663 975 912 1022 sententiae.
976 968 1181 1032 Qiidam
1203 965 1460 1027 Xenophonti
1485 965 1800 1011 inventionem
1835 965 1956 1012 No·-

357 1059 389 1088 'r
403 1059 435 1089 A
451 1058 486 1088 R
501 1058 532 1087 U
546 1058 587 1089 M
622 1041 844 1088 tribuunt.
912 1037 1044 1084 Nam
1074 1049 1180 1080 cum
1201 1031 1466 1078 Academici
1488 1027 1738 1076 Leffiones
1770 1028 1865 1076 suas
1899 1044 1956 1077 A·

354 1121 390 1153 Κ
407 1119 429 1152 P
448 1118 481 1153 Ο
498 1117 573 1152 ΑΣ
592 1116 691 1151 ΕΙΣ
722 1102 968 1169 appellatas
1005 1099 1133 1161 (vid.
1157 1099 1266 1142 Gell.
1300 1096 1377 1142 lib.
1403 1112 1443 1140 2.
1476 1108 1566 1155 cap.
1597 1110 1670 1139 22.
1705 1096 1756 1141 (ῥ’
1779 1093 1853 1141 lib.
1875 1104 1959 1141 xx.

353 1186 445 1234 cap.
474 1190 517 1234 4.
529 1168 737 1230 )di&a·re
762 1166 1024 1233 caepiss'ent,
1056 1163 1171 1211 teste
1194 1163 1373 1224 Apulejo
1397 1158 1556 1204 Florz'd.
1579 1157 1627 1204 ὃς
1653 1158 1841 1206 celerius
1861 1176 1955 1207 vox

353 1235 574 1284 Doctoris
597 1231 1055 1300 praecederet,quam
1075 1242 1130 1276 ut
1152 1224 1331 1289 integre
1359 1222 1596 1272 scribendo
1620 1222 1825 1286 discipuli
1849 1240 1955 1272 eum

355 1302 520 1366 affequi
541 1301 740 1364 poss'ent:
766 1301 926 1362 Itaque
945 1297 1003 1344 ad
1026 1296 1118 1342 hoc
1139 1291 1387 1340 artificium
1411 1287 1617 1337 conversi
1643 1287 1745 1335 sunt
1765 1289 1958 1352 primus-

357 1383 446 1431 que
468 1366 686 1433 Xenophon
700 1400 715 1426 ‚
737 1380 838 1429 quae
862 1361 1129 1411 dicebantur
1148 1358 1240 1405 hoc
1267 1355 1408 1404 modo
1431 1366 1625 1417 excepta
1648 1355 1696 1399 in
1718 1352 1957 1416 publicum

357 1433 502 1479 edidit
521 1432 641 1494 apud
665 1435 818 1476 Laert.
854 1428 929 1475 lib.
956 1443 999 1474 2.
1035 1429 1079 1470 in
1101 1430 1184 1483 ejus
1206 1425 1318 1467 vita.
1386 1419 1499 1469 Vid.
1526 1423 1699 1484 Gregor.
1723 1421 1861 1465 Horn.
1886 1419 1956 1463 hi-

345 1495 451 1555 stor,
472 1495 701 1556 Philosoph.
724 1494 800 1539 lib.
827 1507 873 1554 7.
904 1506 995 1552 cap.
1025 1505 1044 1533 1
1061 1505 1100 1534 1.
1167 1486 1253 1531 Ast
1275 1483 1415 1548 Justoos
1436 1486 1599 1545 Lipfius
1624 1490 1797 1529 Centur.
1833 1500 1872 1530 1.
1895 1482 1957 1528 ad

355 1565 513 1625 ,Βεζξω
534 1560 668 1620 Epist.
693 1571 839 1605 xxvn.
876 1555 1057 1603 dubitat
1080 1553 1138 1599 de
1160 1551 1246 1596 hac
1271 1549 1522 1606 sententia,
1558 1548 1620 1594 ita
1642 1546 1860 1594 scribens:
1887 1547 1953 1595 E-

356 1641 422 1690 go
446 1624 641 1672 libenter
673 1622 850 1670 Graecis
872 1619 1066 1683 gloriam
1100 1613 1305 1661 dederim
1331 1612 1379 1658 ὃς
1401 1612 1674 1658 nominatim
1699 1611 1959 1673 Xenophonti

356 1689 642 1754 Philosopho
673 1686 722 1733 &
752 1685 966 1733 historico
998 1681 1055 1727 de
1081 1696 1173 1743 quo
1203 1680 1415 1741 Diogenes
1440 1697 1453 1720 .-
1488 1675 1561 1725 Koa?
1584 1681 1763 1737 erga-c&
1787 1678 1957 1730 &mo-,7-

355 1754 562 1817 μέσσοὶμῆυ
589 1755 646 1800 τα)
666 1749 905 1813 λεγάμῦἰυοι,
927 1753 976 1797 ε-ἷς
997 1748 1198 1809 Memora:
1222 1739 1406 1804 ἤγαμὶζω
1422 1745 1588 1786 Primm
1615 1744 1722 1785 notis
1746 1745 1960 1802 excipiens

358 1820 477 1866 dista
494 1818 750 1880 (Socratis)
786 1820 832 1861 in
856 1817 996 1859 lucem
1021 1808 1285 1870 hominesque
1302 1808 1495 1869 protulit.

425 1896 462 1943 §.
488 1886 575 1932 IX.
621 1883 742 1929 Haec
764 1878 865 1927 fane
898 1879 1029 1940 Lipfii
1053 1874 1192 1924 verba
1217 1871 1441 1937 quandam
1479 1871 1696 1919 invidiam
1721 1872 1957 1921 involvere

358 1952 597 2009 videntur,
630 1945 751 2012 quasi
772 1947 910 1991 Graeeis
940 1940 1236 2006 exprobraret
1249 1972 1265 1998 ‚
1286 1937 1409 2001 quod
1431 1937 1520 1985 hoc
1544 1936 1625 1983 fibi
1645 1936 1957 1998 vendicarent,

359 2017 483 2080 quod
506 2014 607 2078 ipsis
630 2029 724 2060 non
747 2011 1026 2059 conveniret.
1073 2005 1264 2054 Interim
1289 2005 1337 2051 &
1361 2001 1452 2067 ipse
1476 2018 1657 2066 quoque
1679 2014 1822 2062 errat,
1847 2019 1956 2050 cum

359 2083 512 2145 potius
533 2080 756 2145 eAEgyptiis
777 2092 835 2123 ex
861 2074 1081 2122 sententia
1106 2072 1291 2117 Antonii
1317 2067 1498 2113 Guberti
1520 2065 1758 2130 Polyhzstor.
1786 2084 1874 2129 cap.
1891 2086 1956 2117 VI.

360 2144 653 2193 tribuendum
673 2143 762 2189 hoc
786 2139 854 2187 fit.
921 2140 992 2186 Ita
1015 2138 1133 2184 enim
1159 2136 1322 2182 citatus
1345 2134 1496 2180 Autor
1520 2131 1644 2179 disto
1666 2132 1770 2179 loco
1792 2132 1955 2182 refert:

360 2211 459 2259 Hic
480 2223 633 2259 autem
667 2223 766 2254 mos
790 2223 872 2270 per
905 2204 1000 2251 No
1015 2220 1046 2248 T
1061 2219 1092 2249 Α
1109 2218 1127 2248 s
1163 2198 1386 2246 scribendi
1409 2197 1464 2244 ab
1488 2199 1728 2263 AEgyptiis
1760 2199 1954 2246 manasse

361 2276 541 2324 videtur
560 2309 576 2334 ‚
613 2275 690 2338 qui
714 2268 1071 2335 hieroglyphicis
1092 2267 1212 2314 notis
1250 2266 1365 2325 (hoc
1392 2264 1456 2311 cst
1478 2262 1722 2327 exsculptis
1742 2262 1869 2310 sacris
1898 2262 1954 2310 fi·-

360 2343 485 2405 guris
516 2339 778 2388 animalium
809 2337 1083 2397 aliarumque
1117 2331 1294 2385 rerum)
1331 2343 1466 2394 atque
1497 2327 1612 2376 adeo
1646 2329 1785 2375 literis
1817 2329 1953 2391 primi

359 2408 568 2454 omnium
588 2403 655 2453 ufi
678 2402 778 2450 sunt
793 2439 803 2456 ‚
830 2413 883 2448 ut
908 2416 976 2447 res
1002 2400 1051 2445 ὃς
1076 2398 1213 2445 animi
1239 2393 1375 2460 pensa
1393 2394 1714 2459 significarent.
1781 2394 1952 2441 Videa-

360 2484 434 2519 tur
459 2470 673 2530 Athanafi
706 2466 908 2513 Kircher.
937 2463 1094 2526 Oedipi
1120 2463 1382 2529 AEgyptiac.
1413 2463 1531 2506 Tom.
1564 2476 1605 2505 2.
1638 2459 1715 2504 nbi
1741 2461 1955 2525 plurima.

359 2537 492 2585 Ideni
526 2533 668 2603 poene
701 2533 837 2586 sentit
868 2529 1019 2599 johan.
1044 2527 1224 2592 Baptist.
1249 2531 1380 2574 Porta
1414 2526 1467 2572 de
1488 2526 1661 2589 furtiv.
1685 2527 1799 2572 liter.
1823 2528 1960 2636 Νἷῖς

1889 2603 1904 2633 v
1941 2625 1952 2637 .
