2143 3081
562 161 669 216 DE
721 159 1001 218 Smms
1048 159 1480 220 Vis-rmum.
1718 164 1823 237 187

221 259 388 312 milites
411 264 583 328 inquit,
617 263 855 327 aliquando
883 265 928 310 in
951 264 1150 311 tumultu
1172 264 1314 326 praelii
1340 262 1365 310 Ξὶ
1385 263 1468 310 suis
1481 259 1815 310 contubernali.

219 324 303 373 bus
326 329 610 388 aberrarent,
644 328 827 376 diverfis
842 327 1123 376 Cohortibus
1146 327 1318 376 diversa
1341 329 1387 374 in
1412 327 1545 374 scutis
1569 326 1692 390 signa
1715 327 1817 390 piu·

218 390 390 454 gebant
411 427 427 453 ‚
473 409 574 457 quae
609 392 691 456 ipsi
728 394 964 441 nominant
1003 392 1345 440 DIGMATA.
1412 393 1632 457 Digmata
1663 404 1814 438 autem

219 455 294 502 illa
327 472 455 506 erant
489 458 853 521 Hieroglyphica
888 456 1013 521 figna
1046 458 1231 522 alicujus
1267 457 1360 504 Dei
1398 456 1488 503 five
1528 456 1816 518 Imperatoris

222 520 450 586 Imperii,
489 524 617 586 cujus
652 522 870 585 stipendia
901 521 1150 569 merebant.
1212 522 1339 569 Hinc
1378 519 1491 568 teste
1516 522 1732 580 Pausania
1767 523 1814 563 in

220 585 414 632 Phocicis
435 590 671 632 splenelaus
702 603 807 633 cum
845 585 972 633 scuto
994 587 1041 633 in
1065 603 1155 649 quo
1181 599 1276 633 erat
1301 589 1448 630 Draco
1470 586 1518 631 in
1541 585 1724 632 Graecia
1748 585 1816 630 vi-

222 649 318 698 deri
333 669 351 701 ;
384 651 610 696 [domonea
636 667 719 714 pro
746 651 908 714 infigni
929 649 1088 697 habuit
1101 652 1277 694 Gallum
1304 651 1615 693 Gallinaceum.
1646 651 1817 708 Aquila

222 715 349 779 passis
370 718 582 778 utrinque
603 716 657 761 ad
681 716 932 776 marginem
956 714 1103 777 clypei
1125 715 1203 760 alis
1236 714 1283 760 in
1310 712 1527 770 Meffi’nio.
1598 713 1652 758 In
1687 715 1818 756 Alci-

224 778 367 834 biadis
387 779 512 826 scuto
538 793 633 825 erat
654 780 811 840 Cupido
834 777 1006 825 fulmen
1030 778 1235 842 gestans,
1259 778 1306 823 in
1332 778 1472 836 Persei
1495 810 1510 835 ‚
1553 789 1689 839 caput
1710 780 1818 820 Me-

223 844 342 903 dustc.
407 843 697 908 Qiandoque
733 844 869 889 etiam
892 847 1041 887 Crucbs
1077 841 1225 907 figura
1249 842 1297 889 &C
1321 842 1504 889 nornine
1529 840 1699 888 Christi
1721 840 1819 905 cly-

223 951 333 1001 peos
354 938 590 1004 insignitos
616 939 753 987 refert
773 941 922 985 Rczron.
945 939 1000 984 T.
1033 953 1070 1002 3.
1086 945 1146 987 A.
1168 954 1272 1004 312.
1298 956 1340 986 n.
1355 940 1382 985 i.
1398 939 1482 986 hac
1505 939 1652 1004 figura
1689 930 1803 1042 Q

226 1045 385 1096 confer
411 1051 599 1111 Lipfium
622 1047 674 1093 de
696 1050 844 1094 Milit.
872 1052 994 1093 Rom.
1019 1051 1071 1097 (ῥ’
1095 1062 1177 1095 not.
1200 1048 1260 1093 ad
1285 1062 1376 1110 cap.
1406 1062 1475 1110 15.
1500 1051 1529 1094 l.
1560 1066 1598 1110 3.
1627 1048 1680 1093 de
1709 1056 1820 1097 Cra„

224 1131 288 1160 ce.
354 1113 504 1161 Moris
521 1129 701 1176 quoque
723 1112 811 1159 fuit
833 1149 844 1165 ‚
894 1112 1014 1175 quod
1040 1114 1086 1160 in
1107 1113 1293 1160 adverso
1317 1113 1444 1161 scuto
1478 1113 1817 1180 uniuscujusque

226 1176 382 1225 militis
405 1193 574 1225 nomen
595 1176 865 1240 adscriptum
889 1176 1049 1237 fuerit,
1083 1178 1267 1237 addito,
1302 1194 1359 1225 ex
1383 1193 1470 1241 qua
1490 1177 1597 1226 esset
1609 1179 1818 1239 cohorte,

231 1257 377 1354 {liam
410 1242 631 1291 Centuria
660 1258 702 1289 e.
738 1257 786 1306 g.
834 1241 1052 1290 Claudius
1084 1243 1280 1291 Cohort.
1324 1259 1342 1289 1
1359 1258 1397 1289 1.
1434 1242 1626 1292 Centur.
1663 1245 1818 1310 Aquil.

294 1322 431 1354 axim.

533 1374 761 1418 SEMPR.
797 1374 940 1419 COH.
979 1387 1083 1419 111.
1117 1375 1255 1419 CEN'.
1290 1373 1516 1420 BACCH.

232 1434 339 1485 Im&
361 1452 683 1499 nonnunquam
709 1438 875 1483 8131„AE
900 1453 1061 1483 munus
1082 1437 1173 1484 hoc
1194 1436 1503 1500 expleverunt.
1570 1437 1707 1501 Apud
1721 1439 1823 1486 Ro-

233 1518 391 1549 manos
415 1501 461 1548 id
482 1499 882 1564 frequentiffimum
905 1503 952 1547 in
973 1501 1181 1549 omnibus
1206 1503 1299 1548 fere
1321 1499 1498 1549 familiis
1534 1503 1825 1566 appellandis.

235 1567 293 1614 In
328 1582 471 1613 unum
503 1565 626 1629 quod
657 1565 714 1612 ad
740 1567 879 1612 Arma
915 1567 1113 1629 pertinet
1139 1600 1154 1625 ‚
1200 1566 1399 1613 dicamus
1424 1569 1465 1613 A
1491 1569 1538 1614 in
1563 1568 1825 1615 Atticorum

237 1631 409 1695 clypeis
442 1643 645 1677 notatam
676 1631 896 1692 populum
922 1646 1027 1676 eum
1053 1629 1290 1693 fignificat.
1356 1633 1422 1677 At
1446 1632 1492 1677 in
1517 1631 1826 1678 Messenorum

238 1695 409 1759 clypeis
429 1727 445 1753 ‚
489 1695 566 1756 qui
601 1693 650 1740 &
684 1694 794 1740 olim
826 1694 1050 1742 clariffimi
1070 1695 1264 1742 extitere
1286 1694 1331 1742 τδ
1355 1695 1413 1742 Μ
1436 1694 1712 1761 descriptum
1734 1710 1829 1744 erat

238 1758 285 1817 L
308 1758 383 1806 seu
409 1771 456 1805 Λ.
484 1759 533 1805 in
551 1756 1023 1806 Lacedaemoniorum.

307 1832 345 1879 §.
365 1823 503 1870 XIII.
535 1823 611 1869 Ad
635 1821 941 1885 ips03>milites
962 1840 1043 1871 nos
1067 1822 1368 1883 confer-imm,
1401 1825 1478 1887 qui
1497 1824 1656 1872 Sionis
1678 1824 1721 1872 se
1748 1842 1833 1872 no-

243 1885 430 1946 tabant,
461 1885 519 1933 de
543 1885 704 1949 quibus
726 1887 1001 1950 compendio
1020 1890 1118 1951 egit
1145 1888 1411 1934 stewechius.
1433 1904 1654 1934 comment.
1677 1889 1736 1933 ad
1747 1894 1831 1934 Ve-

239 1965 332 2016 get.
367 1951 421 1997 de
454 1968 500 1996 re
535 1954 662 1996 milit.
688 1950 762 1998 lib.
790 1968 831 1997 2.
854 1969 892 1998 c.
920 1965 957 2011 5.
991 1955 1117 2017 cujus
1155 1953 1297 2001 verba
1331 1953 1424 2000 huc
1457 1952 1832 2002 transscribimus:

247 2015 444 2063 Certum
476 2015 540 2062 est
564 2048 580 2075 ‚
622 2016 768 2080 inquit
788 2050 804 2077 ,
850 2018 1016 2064 milites
1051 2014 1230 2080 punetis
1265 2017 1427 2082 fignari
1470 2017 1623 2065 solere,
1691 2019 1836 2081 Qiod

248 2082 388 2129 etiam
406 2082 663 2139 Accurfium
683 2081 819 2127 video
841 2097 936 2128 non
961 2082 1182 2145 ignorasse
1197 2116 1213 2143 ,
1248 2082 1347 2140 Inst.
1373 2082 1426 2126 de
1448 2081 1611 2139 testam.
1639 2086 1730 2129 mil.
1795 2085 1840 2131 I-

250 2145 446 2207 demque
479 2145 526 2191 in
562 2144 882 2193 fabricensibus
917 2145 1017 2192 fieri
1040 2146 1221 2194 solitum
1247 2146 1443 2194 ostendit
1470 2148 1620 2211 impp.
1648 2148 1843 2193 Arcadii

254 2209 304 2256 &
322 2211 507 2254 Honorii
540 2209 804 2257 constitutio
827 2247 838 2263 ,
888 2216 935 2255 C.
963 2210 1015 2254 de
1028 2210 1265 2272 fabricetis
1288 2211 1364 2257 lib.
1395 2228 1411 2257 1
1430 2228 1468 2257 1.
1503 2213 1726 2277 Stigmata
1750 2214 1842 2260 hoc

253 2272 318 2320 est
342 2286 466 2321 notae
486 2272 682 2336 publicae
705 2273 1018 2321 fiibricenfium
1039 2274 1233 2323 brachiis
1255 2275 1310 2322 ad
1330 2277 1629 2324 imitationem
1643 2279 1843 2324 tironum

254 2338 519 2402 infligantur
541 2370 557 2397 ‚
598 2351 652 2385 ut
683 2339 772 2384 hoc
809 2339 964 2386 saltem
996 2339 1136 2386 modo
1172 2340 1335 2405 poffint
1370 2341 1594 2390 latitantes
1647 2341 1841 2404 agnosci.

258 2402 382 2450 Haec
403 2402 452 2449 ὃς
475 2402 559 2448 alia
577 2403 728 2465 plura,
764 2419 866 2465 quae
885 2404 1146 2467 compendii
1168 2407 1273 2453 loco
1309 2407 1590 2466 omittimus,
1626 2404 1846 2464 Godft'hal.

261 2466 471 2512 Stewech.
509 2466 694 2530 profert.
753 2466 843 2514 Cui
876 2467 1163 2532 adjungimus
1195 2472 1384 2532 Lipfium
1415 2470 1488 2516 lib.
1533 2487 1572 2516 1.
1603 2471 1659 2517 de
1687 2472 1849 2518 militia

262 2535 439 2579 Roman.
503 2531 700 2579 Tirones
730 2533 824 2596 jam
858 2545 1015 2596 captos
1035 2534 1408 2599 compunge-bant
1433 2535 1480 2581 ἃ.
1503 2537 1548 2581 in
1573 2548 1678 2582 cute
1705 2533 1851 2599 figna-
1906 2565 1908 2567 >

259 2593 383 2645 bant.
450 2594 781 2646 Inscribebatur
801 2610 954 2646 autem
975 2614 1144 2648 nomen
1167 2601 1457 2664 Imperatoris
1479 2633 1493 2660 ,
1523 2599 1643 2648 unde
1669 2599 1732 2647 D.
1755 2601 1854 2646 Au-

1288 2665 1332 2713 A
1356 2680 1380 2711 a
1414 2678 1443 2712 2
1763 2679 1850 2728 gu-
