2143 3081
587 423 684 482 De‘
711 422 915 483 Smms
947 422 1003 478 in
1033 414 1191 493 Fastu
1221 415 1575 475 Romanorum.

279 583 319 635 §-
351 573 389 621 Ῐ.
431 569 617 688 Non
649 575 867 639 occupati
900 572 993 620 hoc
1024 569 1132 617 loco
1169 566 1337 614 erimus
1371 563 1419 610 in
1455 559 1576 609 fastis
1614 552 1892 624 explicandis

553 639 908 698 Romanorum,
943 651 1050 685 cum
1077 634 1169 681 hoc
1192 627 1398 695 pluribus
1419 643 1589 692 magno
1614 622 1767 671 labOre
1792 636 1894 684 per-

288 703 482 752 fecerint
506 704 679 761 Rosinus
714 707 761 750 in
781 706 1009 766 Antiquit.
1031 704 1211 745 Roman.
1238 697 1438 761 szpz‘ng‚
1463 696 1516 743 &¹
1540 691 1697 736 Paulus
1719 688 1898 733 Manu-

285 771 371 814 tius
404 772 450 814 in
486 769 614 814 tra&
637 767 692 814 de
728 782 928 815 veterum
962 766 1140 811 dierum
1167 763 1344 806 ratione.
1372 757 1476 803 edit.
1504 761 1552 802 V
1545 768 1651 801 enet.
1674 767 1780 801 cum
1806 750 1898 798 hoc

285 832 477 880 instituti
502 831 644 880 nostri
667 849 762 880 non
785 832 871 893 fit,
907 830 983 879 sed
1008 839 1191 877 tantum
1215 825 1273 871 de
1302 824 1464 873 SIGLls
1488 822 1537 869 in
1558 818 1697 869 Fastis
1720 818 1900 866 Roma-

282 914 449 945 norum
472 896 721 945 observatis
746 914 898 962 agere.
969 892 1089 944 Illud
1117 904 1275 938 tamen
1297 889 1374 935 hic
1395 903 1509 950 opus
1533 888 1650 944 erit,
1679 896 1733 930 ut
1768 892 1904 929 vetus

287 961 616 1011 Kalendarium
653 963 928 1011 Romanum
966 960 1016 1008 &
1047 955 1202 1004 Fastos
1239 951 1517 1001 Kalendares
1564 946 1864 997 describamus
1884 976 1914 1003 ‚-

289 1028 442 1091 quales
463 1028 552 1075 Cn.
574 1027 756 1075 Flavius
784 1025 1031 1092 publicass'e
1056 1021 1107 1070 &
1129 1019 1304 1085 populo
1326 1019 1545 1065 Romano
1568 1011 1793 1063 tradidisse
1805 1024 1903 1056 cre·

292 1093 430 1139 ditur.
499 1092 633 1140 Duos
658 1104 818 1140 autem
841 1091 1013 1142 menses
1039 1089 1212 1156 priores
1235 1117 1252 1146 ³
1296 1084 1366 1132 uti
1387 1098 1495 1130 Cum
1515 1081 1601 1130 suis
1623 1077 1768 1128 Notis
1803 1072 1907 1123 sunt

295 1154 424 1206 incifi
446 1156 522 1205 hic
547 1157 912 1223 interponemus.

297 1285 367 1335 A.
400 1290 460 1335 K.
492 1283 580 1351 ἵκῃ
1134 1280 1199 1326 H.
1235 1278 1294 1322 Κ.
1327 1277 1449 1325 FEB.
1482 1276 1548 1321 N

298 1354 353 1396 B.
389 1356 439 1397 F.
1136 1346 1184 1387 A
1218 1344 1286 1389 IV.

303 1417 353 1464 C.
389 1419 438 1462 C.
1138 1412 1174 1452 B
1209 1409 1276 1453 N.

303 1482 367 1526 D.
393 1483 441 1526 C.
1138 1475 1182 1516 C
1207 1471 1276 1517 N.

300 1547 347 1590 E
378 1545 544 1593 NON.
578 1547 622 1592 F
1136 1539 1185 1581 D
1217 1536 1385 1583 NON.

301 1612 352 1655 f.
389 1613 437 1656 F.
1141 1604 1177 1646 E
1211 1603 1278 1646 Ν.

303 1676 359 1719 G.
393 1678 443 1720 C.
1141 1668 1181 1709 f
1208 1663 1279 1711 IV.

306 1741 368 1785 H
395 1741 442 1784 C.
1144 1732 1181 1777 G
1212 1732 1281 1775 N.

310 1805 362 1848 ‚A
393 1801 590 1848 AGON
1145 1797 1203 1838 H
1229 1793 1322 1838 Ν..

311 1871 352 1913 B
384 1870 489 1913 EN.
1147 1860 1195 1902 A
1229 1860 1297 1903 N.

313 1937 356 1977 C
383 1935 524 1978 CAR.
559 1931 664 1978 NP.
1147 1927 1184 1968 B
1220 1924 1285 1968 N.

316 1999 366 2043 D
396 2000 445 2045 C,
1151 1993 1189 2031 C
1216 1990 1282 2033 N‘.

316 2064 362 2107 ,Ε
394 2063 526 2105 EID.
560 2061 670 2104 NP.
1234 2051 1366 2096 EID.
1399 2050 1509 2094 NP}

317 2129 360 2170 F
388 2127 493 2169 EN
517 2123 614 2168 dies.
633 2121 776 2185 vities?
798 2138 853 2168 ex
881 2125 923 2170 S.
953 2123 1000 2167 C.
1216 2118 1277 2160 N

319 2194 361 2234 G
396 2190 537 2236 CAR.
1014 2197 1017 2199 ’
1223 2181 1433 2228 LUPER.
1468 2178 1557 2221 NP

1227 2248 1337 2291 Ξ

321 2258 380 2627 mvmoessae

399 2258 453 2624 200000

1150 2056 1213 2618 vmoekmmfflmb

1241 2312 1344 2377 ²3

1347 2312 1408 2356 Ξ

1456 2309 1545 2354 Ξ
