2143 3081
537 147 1420 208 DESmrj1sV1z-rnntJM0'
1645 169 1744 224 305

166 252 219 292 ut
247 242 340 290 solo
377 241 454 290 suo
481 256 557 290 aut
580 244 791 292 lateribus
817 246 958 293 fundo
973 247 1182 300 ,haereant
1206 281 1221 305 ,
1271 245 1343 291 scd
1370 256 1420 290 ut
1447 253 1543 289 tota
1565 240 1612 289 ὃς
1637 244 1754 291 inte-

165 323 247 371 gra
277 310 370 353 erui
407 307 511 354 inde
535 307 712 370 poffint)
736 307 876 357 fundo
902 311 1053 374 legato
1078 309 1457 358 continebantur;
1492 323 1646 354 verum
1671 325 1747 362 ea..

168 370 328 436 quibus
353 383 468 418 terra
490 373 552 418 ita
570 372 748 435 adgesta
773 373 860 427 est,
897 375 970 421 vel
995 390 1095 437 quse
1118 377 1180 421 ita
1213 373 1354 420 fundo
1384 372 1615 418 adhaerent
1636 404 1651 429 ,
1695 385 1747 419 ut

168 448 390 508 perpetuo
425 435 486 481 ibi
525 434 635 489 sint,
671 436 719 483 &
741 437 831 484 fine
850 439 976 484 ruina
997 437 1180 486 aedificii
1203 437 1331 484 avelli
1355 450 1591 499 nequeant.
1660 436 1749 484 His

167 513 317 564 ltaque
342 499 490 545 Doliis
520 512 788 548 contentum
820 503 974 548 vinum
1002 502 1312 549 DOLIARE
1346 503 1559 561 ‘Ulpianus
1594 500 1747 563 appel-

166 563 230 610 lat
251 568 295 608 in
319 565 348 608 l.
381 579 419 608 1.
444 572 478 620 §.
497 565 537 619 fi
556 563 782 624 doliareff.
805 565 857 609 de
874 569 1006 626 peric.
1034 569 1084 615 (ῥ’
1121 584 1270 611 comm.
1295 568 1359 609 rei
1392 563 1580 609 venditae.
1646 566 1748 610 Do·-

167 627 273 674 liare
310 626 369 673 fic
402 625 575 674 dietum
611 628 665 674 ad
703 628 1000 676 differentiam
1035 628 1349 692 diffus1‚quod
1373 645 1464 675 non
1486 629 1673 690 amplius
1699 631 1742 675 in

167 689 322 744 doliis,
364 689 438 736 sed
467 693 513 737 in
534 690 644 738 vafis
669 692 753 738 effe
768 694 983 740 Proculus
1005 688 1070 741 ait*
1087 695 1139 740 .in
1161 698 1189 739 l.
1213 698 1378 739 vinum.
1409 707 1475 752 15.
1494 692 1546 751 ff.
1575 692 1625 735 de
1650 697 1742 735 trit.

168 759 260 800 vin.
296 757 345 803 ῥ’
383 757 464 798 oleo
499 757 624 818 legat.
687 756 903 803 Diffundi
936 757 1025 803 scil.
1060 759 1214 803 vinum
1250 772 1306 802 ex
1334 758 1473 800 Deliis
1504 756 1576 800 vel
1598 760 1741 816 cupis,

166 818 215 864 in
247 816 405 876 testas,
449 819 573 862 cados
609 818 655 863 δε
691 820 912 880 amphoras
948 818 1117 867 solebat
1140 821 1193 866 ad
1218 833 1398 866 aetatem
1420 818 1743 866 diuturniorem

167 879 258 928 five
284 880 558 928 venustatem
583 914 598 939 ‚
645 897 745 944 quae
769 885 875 930 vino
900 886 1201 930 maturitatem
1227 884 1274 930 &
1296 883 1553 929 suavitatem
1574 883 1717 929 adfert
1732 920 1743 936 ,

165 947 234 991 uti
266 944 455 989 Adrian.
490 945 677 990 Turneb.
712 945 785 991 lib.
826 962 863 992 1.
898 946 1071 1005 adverfi
1102 966 1137 992 c.
1184 965 1223 992 1.
1256 949 1586 1009 interpretatur,
1621 947 1743 993 conf.

169 1011 378 1053 Marcell.
404 1010 566 1053 Donati
588 1009 817 1054 dilucidat.
842 1013 886 1054 in
911 1014 1036 1056 Flav.
1065 1015 1111 1053 V
1106 1013 1220 1070 optft.
1240 1026 1338 1073 pag.
1369 1012 1502 1071 1038.

230 1082 268 1129 §.
294 1072 378 1118 ΙΙΙ.
412 1072 523 1119 Vini
544 1072 718 1115 doliarii
740 1075 873 1119 etiam
900 1075 1107 1120 meminit
1129 1077 1270 1117 Cicero
1292 1079 1336 1116 in
1362 1078 1492 1116 Bruto
1517 1075 1738 1135 inquiens:

167 1139 268 1180 Non
288 1138 424 1197 {gitur
447 1138 522 1195 qui
543 1135 616 1179 hoc
631 1137 813 1194 sentiat,
836 1137 880 1193 st
901 1139 938 1179 is
954 1149 1100 1198 potare
1127 1139 1234 1181 velit
1257 1169 1271 1194 ‚
1315 1136 1367 1180 de
1391 1138 1606 1194 Daliofihz·
1636 1138 1741 1181 han-

167 1198 365 1244 riendum
384 1210 518 1261 putet.
585 1199 647 1244 Et
672 1198 848 1245 doliaris
872 1200 965 1245 vini
986 1200 1208 1246 vendendi
1235 1201 1384 1263 legem
1400 1203 1502 1243 Cato
1527 1204 1570 1244 in
1594 1199 1667 1246 lib.
1690 1201 1741 1244 de

166 1274 222 1307 re·
237 1260 380 1320 rustic.
409 1276 498 1322 cap.
530 1263 633 1322 148.
657 1264 858 1324 exponit·
892 1264 954 1309 'Et
977 1278 1066 1325 cap.
1099 1279 1202 1325 147.
1226 1265 1399 1311 Vinum
1424 1263 1591 1310 doliare
1615 1300 1625 1316 ‚
1675 1266 1741 1310 vi-

165 1343 226 1373 no
262 1325 477 1389 pendenti
508 1327 700 1388 opponit
726 1358 741 1383 ‚
784 1327 828 1372 h.
853 1343 890 1372 e.
912 1328 1009 1373 uvis
1040 1328 1243 1375 nondum
1277 1327 1502 1375 vindemia
1528 1326 1740 1374 collectis..

167 1392 238 1437 Ita
251 1392 392 1435 Plaut.
411 1392 455 1433 in
474 1390 716 1434 Trinumm.
737 1391 852 1434 Tum
877 1395 1029 1436 vinnm
1043 1393 1291 1452 p'riusijuam
1317 1393 1506 1435 coaffum
1530 1390 1613 1449 est,
1637 1407 1737 1453 pen-

167 1454 238 1499 det
252 1453 495 1515 putridum.
531 1453 642 1500 Vini
668 1452 816 1500 diffufi
841 1454 975 1500 verba
1000 1455 1108 1502 facit
1131 1461 1289 1501 Horat.
1310 1454 1384 1501 lib.
1418 1471 1454 1500 1.
1479 1454 1590 1518 epzst.
1616 1474 1662 1516 4.

346 1519 458 1562 Vina
482 1515 596 1562 bibes
620 1520 779 1563 iterum
805 1521 950 1564 Tamo
975 1518 1129 1579 diffnstz

167 1581 264 1630 Ubi
302 1582 471 1642 Djonysl
505 1581 707 1627 Lambin.
739 1581 846 1627 edtt.
882 1582 1022 1646 Lug-d.
1065 1589 1195 1644 1561.
1218 1585 1298 1643 fol.
1324 1601 1381 1628 m.
1412 1599 1514 1645 307.
1537 1595 1735 1629 annotat.

165 1645 340 1706 Diffufh
361 1644 385 1690 e
410 1646 618 1691 torculari
643 1646 713 1692 vel
737 1646 835 1692 lacu
859 1647 929 1692 vel
957 1647 1080 1693 dolio
1103 1648 1149 1693 in
1167 1650 1402 1710 amphoras
1434 1647 1539 1694 fusa.
1593 1647 1738 1709 Juve-

165 1713 249 1755 nal.
275 1714 411 1769 Satyr.
442 1723 479 1769 ς.
505 1709 602 1771 Ipse
625 1710 834 1773 capillato
853 1708 1063 1756 diffusum
1087 1710 1284 1758 Consule
1307 1725 1447 1774 potat.
1516 1711 1577 1756 Et
1600 1710 1740 1757 rursus

164 1779 325 1819 Horat.
347 1771 420 1817 lib.
450 1787 488 1816 2.
512 1777 601 1818 Sat.
625 1788 668 1819 2.
692 1773 755 1819 Et
780 1772 860 1819 nifi
883 1787 1105 1821 mutatum
1128 1778 1270 1837 parcit
1304 1774 1536 1820 difundere
1570 1776 1740 1820 vinum.

164 1838 228 1884 Et
262 1840 398 1881 Cicer.
432 1834 507 1880 lib.
546 1849 586 1881 2..
626 1836 678 1880 de
701 1836 841 1881 Finib.
909 1838 1091 1899 Qibus
1124 1840 1280 1883 vinum
1302 1837 1501 1883 defusum
1524 1836 1576 1884 fit
1601 1839 1737 1900 pleno

140 1958 143 1959 ⁷
165 1901 463 1963 Oenophoro.
528 1899 802 1961 Hujusmodi
823 1916 1005 1963 quoque
1027 1899 1151 1946 fuiss‘e
1176 1900 1346 1947 dictum
1372 1905 1522 1945 vz'num
1548 1901 1600 1945 de
1623 1907 1738 1961 Cupa

165 1965 337 2011 constat
370 1980 426 2010 ex
452 1966 586 2008 Cicer.
611 1967 655 2007 in
677 1964 808 2023 Pison.
833 1964 957 2010 Hinc
980 1964 1095 2011 clare
1122 1977 1247 2027 patet
1270 1964 1495 2011 DOGAS
1520 1964 1592 2012 seu
1618 1966 1739 2011 DO-

164 2028 340 2075 CHAS
374 2027 492 2074 dolia
526 2043 689 2090 magna
724 2026 847 2073 fuissc
872 2064 884 2080 ‚
929 2029 975 2073 in
1001 2027 1159 2090 quibus
1184 2031 1338 2076 vinum
1362 2044 1563 2077 recenter
1586 2030 1742 2077 vinde·

164 2094 352 2139 miarum
385 2091 675 2153 colligeretur
693 2125 710 2150 ‚
745 2105 872 2152 cupas
895 2107 1002 2138 vero
1040 2093 1239 2150 minora,
1261 2095 1308 2139 in
1339 2091 1499 2153 quibus
1518 2096 1740 2157 depurga-

164 2170 262 2204 tum
287 2155 681 2202 transfunderetur.

225 2231 262 2278 §.
285 2219 372 2265 IV.
403 2220 524 2264 Cum
546 2231 696 2263 autem
720 2217 943 2283 Amphora
961 2255 971 2271 ‚
1008 2217 1108 2275 testae
1129 2251 1145 2277 ‚
1190 2218 1237 2265 Sc
1259 2223 1353 2264 vim·
1377 2221 1477 2264 cadi
1499 2224 1606 2269 varii
1639 2223 1737 2270 fue-

165 2286 258 2331 rint
280 2283 326 2329 δε
352 2281 434 2345 ipfi
457 2281 689 2328 noscerent
712 2316 722 2333 ,
769 2282 896 2343 quale
918 2283 1072 2328 vinum
1093 2301 1113 2332 ‚·
1155 2283 1262 2330 hinc
1291 2286 1525 2347 amphoras
1549 2320 1563 2344 ,
1607 2288 1736 2333 testas

165 2349 214 2395 &
234 2348 367 2394 cados
392 2345 535 2409 gypso
559 2344 758 2391 iniebant
773 2381 784 2398 ‚
815 2361 873 2391 ne
897 2346 1035 2391 virtus
1059 2347 1151 2392 vini
1176 2346 1480 2406 evanesceret,
1515 2352 1561 2397 ἃ
1576 2351 1735 2398 Sroms

163 2411 397 2475 signabant
427 2411 523 2455 vasa
544 2444 559 2468 ,
604 2409 762 2470 quibus
785 2410 939 2454 vinum
963 2422 1057 2455 erat
1079 2412 1378 2458 reconditum.
1443 2413 1579 2461 Unde
1601 2419 1736 2463 etiam

163 2474 459 2537 Proyerbium
473 2474 556 2533 ‚lde
578 2474 747 2517 meliore
768 2485 887 2516 nota:
901 2472 956 2518 de
980 2489 1071 2535 quo
1093 2474 1211 2536 apud
1233 2476 1422 2521 Adrt'an.
1448 2480 1632 2525 Turneb.
1654 2482 1735 2525 ad-

164 2545 275 2600 verfi
297 2556 333 2585 c,
365 2554 402 2585 1.
427 2551 559 2600 atque
586 2537 692 2585 hinc
718 2537 1138 2600 interpretationem
1174 2541 1294 2602 capit
1318 2540 1427 2587 illud
1448 2546 1632 2588 Petronii
1646 2549 1736 2588 Ar„

1121 2603 1206 2663 QG]
1638 2607 1734 2652 bitu
