2143 3081
307 171 419 229 104
572 153 686 226 Jo.
731 145 1628 207 N1coLA1TRACTA³r1o

370 254 609 308 Taurum,
645 264 782 312 quem
807 248 1023 313 AEgyptii
1047 247 1172 310 Apin
1199 257 1367 292 vocant
1386 240 1466 290 sub
1490 238 1636 286 forma
1655 237 1785 286 bovis
1795 237 1899 302 pin:

305 319 489 386 gebant.
557 314 640 360 Ne
664 314 816 376 itaque
838 314 1012 376 semper
1031 311 1200 358 bovem
1226 310 1299 357 vel
1324 319 1462 370 caput
1492 304 1623 350 bovis
1655 317 1900 351 cornutum

308 402 498 464 pingere
524 395 1089 455 tenerentur‚Astronomi
1112 396 1175 442 ita
1195 391 1394 439 scribunt
1406 402 1459 456 g·
1494 389 1708 438 Tertium
1725 388 1902 454 signum

306 493 479 542 faciunt
503 493 705 550 Gemini,
740 504 853 554 quos
878 486 1096 551 AEgyptii
1120 483 1372 532 Herculem
1395 483 1443 530 &
1469 481 1734 545 Apollinem
1769 498 1905 531 voca-

307 572 425 606 runt.
471 558 536 606 Et
561 568 686 605 erant
708 554 829 602 binae
857 550 1216 616 hieroglyphicae
1239 548 1424 607 statuae,
1458 563 1615 594 manus
1641 546 1722 594 fibi
1745 562 1907 596 mutuo

308 623 565 670 inserentes.
635 620 762 668 Hinc
796 635 876 682 per
909 618 1145 680 epitomen
1164 616 1211 661 in
1236 616 1359 662 hunc
1383 612 1521 676 usque
1552 611 1674 659 diem
1707 610 1909 661 scribunt

309 688 572 735 Astronomi
607 686 698 732 hoc
728 683 866 731 modo
890 693 946 726 Π.
1006 681 1184 727 Cancer
1211 692 1420 743 quartum
1457 676 1634 741 signum
1672 677 1909 725 constituit

310 753 548 816 AEgyptiis
582 747 868 799 Hermanubi
892 746 962 792 Ibi
996 746 1192 807 morpho
1217 777 1232 802 ,
1276 744 1487 806 quoniam
1523 741 1586 788 sol
1620 740 1698 787 sub
1732 743 1911 791 initium

312 817 445 876 huius
477 816 589 879 signi
613 812 900 876 retrogradus
929 809 995 857 est
1015 843 1030 868 ‚
1080 809 1128 855 ὃς
1156 808 1303 854 eidem
1332 806 1459 870 {igno
1487 804 1691 852 Ibiacum
1716 807 1908 855 Numen

312 875 473 944 prieest
495 915 511 940 ,
557 878 743 926 caudam
768 893 823 922 ex
846 891 1009 922 cancro
1037 873 1084 920 &
1109 886 1244 934 caput
1272 889 1327 917 ex
1353 871 1424 917 lbi
1451 870 1730 933 scripserunt.
1795 874 1909 920 Inde

314 945 481 1008 posteri
515 943 761 991 nescientes
786 941 917 1003 hujus
940 939 1164 985 rationem
1189 935 1266 982 sub
1292 936 1374 981 hac
1398 933 1544 998 figura
1572 945 1617 981 Ξδ
1644 936 1908 984 retulerunt⁰

314 1010 379 1057 Et
404 1010 462 1057 fic
484 1009 544 1056 de
565 1008 744 1069 reliquis
766 1004 1010 1051 dicendum
1034 1001 1193 1065 signis,
1220 1016 1411 1063 quoium
1438 999 1602 1063 figuras
1631 999 1820 1048 exhibet
1845 1006 1914 1045 A-

318 1074 485 1135 thanas:
514 1071 712 1117 Kircher.
753 1075 794 1114 in
821 1068 971 1129 Oedz'p.
1006 1070 1192 1133 csffigfflt.
1226 1067 1349 1111 Tam.
1390 1067 1530 1126 3.f0l.
1569 1081 1627 1109 m.
1671 1069 1772 1110 166.
1808 1072 1912 1123 167.

317 1141 496 1188 Verum
520 1154 615 1184 non
637 1135 766 1182 nudis
790 1134 933 1182 Notis
955 1144 1146 1179 utuntur
1171 1129 1415 1187 Astronomi
1438 1165 1448 1182 ,
1492 1128 1568 1175 sed
1592 1129 1727 1174 ctiam
1752 1130 1912 1177 Siccis

317 1220 419 1267 quae
451 1202 604 1268 passim
631 1212 904 1257 occurrunt,
939 1213 977 1243 e.
1000 1213 1045 1260 g.
1072 1195 1250 1258 quando
1277 1196 1354 1241 has
1376 1193 1545 1240 litteras
1565 1192 1766 1241 scribunt
1786 1196 1842 1242 C.
1868 1196 1911 1244 S.

321 1270 367 1317 S.
395 1266 649 1333 significare
674 1265 835 1311 volunt
850 1297 865 1321 ,
899 1262 1106 1308 Planetas
1129 1258 1381 1323 retrogradi
1402 1257 1450 1304 δί
1472 1259 1780 1321 explicantur:

719 1328 775 1374 C.
804 1327 849 1373 S.
872 1326 918 1372 S.
955 1326 1336 1387 Contrafignorum
1351 1323 1509 1381 seriem

322 1399 368 1446 h.
391 1415 431 1446 e.
456 1413 512 1444 ex
535 1396 729 1444 Oriente
753 1390 901 1439 versus
926 1389 1247 1437 Occidentem.
1316 1386 1533 1434 Similiter
1560 1384 1677 1449 saepe
1699 1386 1772 1435 hae
1807 1404 1917 1436 con«

325 1464 576 1528 spiciuntur
600 1460 828 1508 SmLAE.
876 1456 920 1502 S.
959 1454 1003 1501 S.
1046 1453 1091 1500 S.
1127 1454 1154 1499 i.
1189 1469 1227 1499 e.
1250 1450 1490 1513 [beandum
1512 1453 1729 1516 signorum
1758 1455 1915 1513 [briem

325 1532 373 1578 h.
397 1546 436 1577 e.
456 1526 513 1575 ab
537 1524 715 1574 Occasu
738 1524 785 1571 in
808 1521 981 1569 Ortum
1005 1556 1016 1574 ,
1063 1520 1131 1567 uti
1158 1517 1282 1586 signa
1304 1516 1495 1565 zodiaci
1521 1515 1609 1564 sese
1639 1516 1919 1584 consequun=

324 1608 412 1644 tur.

394 1669 432 1716 ς).
456 1658 517 1705 ΙΙ.
553 1656 626 1704 Ad
651 1654 805 1702 Notas
828 1651 1203 1701 Grammaticales
1227 1650 1390 1714 pedem
1415 1664 1674 1702 movemus,
1711 1663 1818 1713 quas
1840 1665 1918 1697 an-

328 1725 445 1788 tiqui
485 1722 542 1770 ad
577 1717 912 1768 distinctionem
935 1716 1250 1780 scripturarum
1274 1714 1588 1780 apposuerunt.
1655 1714 1752 1761 Has
1777 1714 1920 1771 Isidor.

331 1790 405 1835 lib.
434 1806 471 1834 1.
495 1805 529 1832 c.
558 1788 716 1833 20..ita
740 1782 902 1830 definit
929 1819 940 1835 ‚
986 1782 1107 1845 quod
1134 1780 1219 1828 sint
1231 1781 1377 1844 figurae
1393 1784 1561 1841 propriae
1592 1781 1636 1822 in
1668 1782 1915 1824 litterarum

332 1853 508 1900 modum
545 1853 671 1913 pofitae
705 1848 764 1893 ad
802 1845 1175 1904 demonstrandam
1209 1861 1561 1907 unamquamque
1601 1842 1727 1888 verbi
1749 1844 1921 1903 senten-

333 1924 582 1978 tiarumque
613 1932 666 1960 ac
696 1914 900 1974 versuum
936 1914 1158 1956 rationem.
1224 1909 1459 1973 Ejusmodi
1497 1923 1703 1955 numerat
1745 1908 1920 1967 Isidorus

334 2000 463 2032 XXVI.
488 1998 589 2046 quae
611 1982 741 2041 Culpa
763 1978 893 2025 aliter
918 1977 1103 2024 Criticis
1127 1976 1423 2039 appellantur.
1469 1971 1712 2020 Asteriscus
1732 1972 1796 2019 est
1819 1972 1923 2020 stel-

334 2048 427 2096 lula
447 2048 507 2108 (ἠὲ)
533 2062 634 2108 quae
652 2044 896 2105 apponitur
916 2044 993 2094 iis,
1028 2057 1128 2103 quae
1148 2039 1305 2087 omissa
1324 2039 1449 2092 sunt,
1482 2050 1535 2084 ut
1553 2036 1810 2085 illucescant
1845 2053 1926 2100 per

337 2129 438 2160 eam
464 2126 565 2175 quae
585 2107 744 2154 desunt
760 2143 770 2160 ‚
803 2105 895 2152 vid.
919 2105 1071 2150 Thom.
1096 2104 1149 2149 de
1168 2109 1212 2150 S.
1241 2107 1435 2167 Quercus
1460 2105 1505 2147 in
1531 2106 1687 2147 Lexic.
1709 2106 1921 2166 etymolog.

339 2177 447 2223 edit.
462 2173 642 2220 Londz'n.
676 2170 827 2217 Obelus
841 2169 904 2217 est
927 2170 1102 2234 virgula
1118 2171 1270 2233 jacens
1293 2174 1307 2229 (
1339 2167 1439 2224 μ)
1463 2168 1706 2230 apponitur
1718 2167 1923 2215 inverbis

338 2243 411 2289 vel
443 2238 670 2289 sententiis
696 2235 917 2301 superflue
937 2236 1105 2282 iteratis
1131 2271 1141 2288 ‚
1186 2232 1275 2281 five
1300 2232 1380 2279 ubi
1405 2231 1541 2280 lectio
1560 2231 1749 2279 falsitate
1770 2245 1927 2279 notata

340 2307 418 2355 est.
455 2307 547 2355 Vel
569 2316 621 2350 ut
644 2304 690 2347 T
687 2300 795 2347 hom.
819 2300 870 2344 de
894 2304 936 2345 S.
963 2303 1156 2360 Quem-u.
1201 2298 1378 2346 Obelus
1404 2298 1468 2345 est
1492 2298 1668 2361 virgula
1690 2297 1897 2359 quaedam
1912 2334 1924 2351 ,

342 2389 430 2436 qua
453 2369 725 2420 adulterina,
753 2378 830 2413 aut
852 2367 987 2411 ctiam
1013 2381 1249 2428 perperam
1283 2363 1444 2426 scripta
1463 2363 1749 2427 jugulamus,
1783 2363 1927 2427 Angli

341 2437 558 2485 reddunt:
595 2449 621 2477 a
641 2430 881 2496 longstrtke
907 2434 950 2474 in
977 2434 1159 2493 writing
1184 2430 1265 2486 like
1292 2429 1419 2489 aspit
1435 2465 1445 2480 ‚
1477 2427 1604 2473 made
1615 2427 1691 2487 for
1716 2445 1742 2471 a
1770 2442 1860 2472 nete
1885 2443 1926 2474 to

335 2517 415 2563 put
438 2515 509 2546 out
532 2499 626 2545 that
649 2514 746 2542 was
770 2499 948 2541 written
963 2531 973 2547 ‚
1011 2511 1056 2538 or
1068 2496 1180 2555 false
1198 2493 1382 2556 printed.
1418 2491 1660 2539 Asteriscus
1676 2507 1781 2539 cum
1794 2491 1923 2540 Obe-

340 2568 386 2615 lo
410 2569 452 2629 (³³¹²
474 2567 555 2606 1-4
588 2563 711 2622 >hac
736 2576 844 2612 nota
867 2559 1147 2609 Aristarchus
1180 2557 1280 2607 usus
1315 2557 1381 2606 est
1413 2559 1461 2606 in
1492 2555 1687 2608 versibus
1720 2559 1772 2606 iis
1791 2591 1807 2618 ,
1849 2561 1925 2619 qui

1848 2623 1927 2672 fiio
