2143 3081
570 142 998 204 DESrchrs
1047 145 1470 207 Vni-mun.
1717 150 1821 224 189

229 258 298 295 rat
320 282 332 301 ,
380 246 551 310 inquit,
586 246 768 303 Isidorus
787 247 886 292 libro
914 265 952 295 1.
975 263 1062 308 cap.
1082 265 1210 296 xxiv.
1237 253 1358 313 Orig.
1386 252 1433 298 in
1456 249 1696 298 breviculis
1733 255 1820 300 mi-

228 313 361 361 litum
388 327 463 359 eos
484 345 501 371 ‚
557 313 633 375 qui
658 313 815 375 praelio
842 312 1111 377 superess'ent
1131 348 1147 374 ‚
1195 314 1258 361 T.
1290 314 1420 361 litera
1449 316 1595 362 notari
1636 315 1819 377 solitos,

225 389 279 425 ut
317 391 476 425 contra
498 393 573 423 eos
589 413 599 429 ,
637 379 713 441 qui
736 378 995 425 cecidiss'ent
1015 414 1026 431 ‚
1072 379 1200 426 litera
1229 390 1279 426 Θ.
1314 379 1503 426 Exstitit
1525 397 1619 427 nou
1641 382 1703 427 ita
1725 382 1818 441 pri-

226 442 333 490 dem
371 443 512 489 homo
544 441 594 488 &
628 442 746 488 fama
769 443 1024 491 clarissimus
1048 476 1062 500 ,
1107 445 1314 505 (Lipsium
1339 445 1571 508 intelligit)
1597 446 1674 508 qui
1699 445 1817 493 affir-

226 522 346 561 met,
382 506 425 553 se
446 507 600 553 videre
624 524 716 554 non
740 506 890 570 posse,
924 524 1003 554 cur
1028 525 1079 554 ea
1102 510 1231 556 litera
1243 510 1398 556 vivum
1412 508 1651 573 fignificet.
1687 511 1821 573 Qua-

220 588 270 619 re
295 589 350 620 co
373 571 459 618 sese
485 571 727 630 inclinare,
763 585 812 618 ut
840 573 971 635 hujus
996 573 1100 619 loco
1126 575 1188 620 V.
1217 574 1476 636 reponenda
1499 573 1554 620 fit
1578 606 1594 631 ,
1640 590 1741 636 quae
1767 575 1816 621 ὃς

221 639 367 700 prima
387 637 433 682 in
458 651 571 683 voce
595 640 728 680 Vivus
755 636 803 682 &
830 638 876 681 in
901 638 1095 698 antiquis
1119 639 1424 684 monumentis
1453 638 1715 699 reperiatur.
1752 640 1817 685 E-

218 717 284 766 go
313 700 517 759 [fidorum
544 700 589 745 id
613 715 758 761 neque
790 700 958 754 solum,
987 716 1132 763 neque
1165 700 1257 748 fine
1286 700 1415 747 causa
1448 699 1658 764 scripfisse
1691 701 1812 753 dico.

218 764 467 829 Scripserat
510 763 631 810 idem
673 765 840 822 Rufinus
883 763 1115 813 Inveetiva
1150 765 1341 812 secunda
1377 767 1424 813 in
1458 765 1812 830 Hieronymum.

216 833 371 876 Petrus
385 831 597 874 Diaconus
623 829 670 875 in
693 827 846 876 libello
867 828 924 875 de
946 830 1063 877 notis
1084 831 1338 890 literarum,
1374 830 1437 877 T.
1460 831 1633 877 nomini
1660 832 1816 882 militis

215 893 472 959 appositum
509 893 654 957 ipsum
687 893 735 939 in
769 890 891 941 bello
924 893 1203 957 superstitem
1237 894 1323 942 esse
1356 893 1572 959 signabat.
1644 895 1814 944 Ratio-

216 976 323 1006 nem
346 975 482 1017 vero,
514 974 649 1022 quare
669 958 714 1004 id
737 959 848 1005 olim
873 957 1030 1011 fieret,
1070 976 1213 1022 prope
1239 960 1330 1018 est,
1363 974 1416 1006 ut
1444 960 1558 1006 hanc
1580 958 1706 1007 fuiss’e
1729 978 1813 1024 pu-

216 1037 325 1073 tem.
395 1024 527 1086 Τηρέω
561 1025 680 1069 inter
713 1022 797 1069 alia
831 1023 1008 1070 Graecis
1040 1022 1265 1086 fignificat
1295 1026 1502 1084 conservo.
1564 1022 1636 1071 Ut
1671 1026 1812 1088 igitur

215 1105 322 1136 eum
337 1126 349 1143 ,
384 1090 462 1152 qui
481 1090 528 1135 in
548 1086 706 1150 praelio
730 1086 1034 1146 occubuerat,
1069 1089 1198 1136 litera
1226 1100 1262 1136 Θ
1286 1086 1533 1148 notabant,
1567 1089 1626 1135 ita
1651 1089 1700 1136 &
1721 1091 1812 1138 hoc

212 1152 438 1207 obtinuit,
474 1165 527 1200 ut
549 1153 585 1199 is
609 1152 686 1216 qui
709 1150 904 1200 servatus
928 1153 1062 1213 esset,
1096 1155 1242 1217 prima
1261 1154 1355 1217 ejus
1377 1154 1527 1213 voci8‚
1565 1168 1667 1216 quae
1688 1153 1735 1200 id
1756 1154 1813 1202 fi-

212 1218 475 1282 gnificaret‚
514 1217 643 1264 litera
665 1229 911 1265 notaretur.
981 1218 1180 1281 Reliqua
1203 1218 1308 1266 vide
1335 1219 1411 1265 cit.
1438 1218 1526 1265 loc.

278 1293 314 1341 §.
338 1284 478 1332 XVI.
511 1283 689 1330 Verum
715 1281 805 1329 hoc
832 1283 935 1329 loco
957 1298 1041 1329 nec
1070 1282 1228 1344 Lipstus
1251 1299 1335 1330 nec
1360 1284 1599 1347 Rutgerfius
1621 1282 1810 1350 scopum

166 1386 168 1388 .
212 1359 477 1412 tetegerunt
495 1362 578 1393 acu
591 1368 607 1404 3
643 1361 778 1409 quare
800 1345 1002 1394 modeste
1024 1347 1067 1394 se
1089 1349 1158 1395 his
1178 1347 1391 1411 opposuit
1404 1349 1615 1407 Reimfius
1633 1349 1809 1411 doffiffi-

211 1430 305 1458 mus
326 1412 402 1458 lib.
432 1427 470 1456 1.
495 1428 530 1457 c.
559 1428 601 1468 7.
630 1426 730 1456 var.
756 1413 936 1458 Leimon.
972 1411 1116 1475 Cujus
1139 1425 1458 1476 argumentum
1486 1413 1575 1459 tale
1586 1413 1675 1460 est:
1700 1416 1812 1464 haut

213 1477 300 1525 ess'e
322 1475 585 1528 verisimile,
620 1475 860 1523 Romanos
884 1475 909 1522 e
931 1476 1112 1524 diversis
1136 1477 1299 1540 linguis
1323 1475 1544 1524 desumtas
1568 1477 1717 1526 literas
1728 1496 1811 1526 no-

212 1541 375 1606 vasque
399 1543 447 1589 in
469 1541 632 1588 eodem
655 1553 786 1588 textu
810 1541 900 1588 five
924 1541 1071 1605 lapide
1093 1541 1372 1590 adhibuiffe;
1404 1543 1465 1588 ita
1487 1556 1539 1589 ut
1564 1557 1665 1605 quae
1681 1560 1804 1591 mor-

212 1618 342 1655 tuum
380 1605 654 1671 significaret
676 1639 691 1664 ,
738 1604 763 1651 ἐ
800 1606 965 1653 Graeca
991 1643 1001 1659 ‚
1051 1621 1153 1669 quae
1189 1607 1345 1652 vivum
1369 1605 1535 1652 Latina
1572 1620 1808 1669 peterent,

208 1686 315 1719 cum
342 1684 495 1719 tamen
521 1707 531 1724 ,
579 1669 797 1734 siquidem
821 1670 998 1717 Latinis
1022 1672 1090 1717 uti
1116 1670 1288 1717 vellent
1310 1669 1413 1733 ipfis
1437 1670 1510 1717 sua
1529 1671 1686 1735 lingua
1707 1672 1810 1736 sup-

207 1736 432 1799 peditaret
463 1736 524 1782 M
563 1734 612 1782 &
645 1735 707 1782 V.
743 1734 904 1798 quibus
939 1748 1158 1781 mortuum
1195 1734 1242 1781 &
1277 1738 1438 1780 viv-um
1471 1733 1805 1799 consignarent.

209 1800 333 1848 Cum
367 1798 475 1847 vero
512 1800 689 1847 literam
731 1810 766 1846 Θ
804 1815 892 1862 qua
923 1813 1155 1847 mortuum
1189 1797 1500 1863 significarent
1523 1832 1541 1858 ,
1585 1799 1609 1846 εὶ
1633 1800 1809 1849 Graecis

207 1866 402 1913 mutuati
426 1862 513 1912 fint
539 1899 551 1918 ,
597 1864 735 1911 etiam
758 1880 855 1911 eam
879 1896 895 1923 ‚
936 1881 1023 1928 qua
1044 1868 1211 1909 Vivum
1235 1863 1292 1910 ab
1313 1863 1470 1910 iisdem
1496 1863 1669 1927 petiiss'e
1696 1865 1805 1914 efl'et

209 1930 572 1978 consentaneum.
643 1929 760 1976 Eam
799 1929 885 1975 effe
911 1940 944 1976 Υ
972 1962 988 1987 ‚
1027 1945 1128 1992 quae
1152 1928 1199 1975 ὃ(
1226 1926 1357 1976 fimili
1380 1943 1484 1975 cum
1511 1927 1681 1976 Latino
1705 1933 1806 1975 Van

209 1992 358 2060 figura
379 2008 558 2042 exarata
581 1992 645 2041 est
670 1994 718 2040 in
739 1994 931 2056 antiquis
952 1992 1174 2057 lapidibus
1201 2029 1211 2046 ‚
1260 1992 1441 2040 initium
1470 1993 1652 2040 Graecae
1679 1994 1806 2041 vocis

207 2065 356 2122 T‘yuqc.
383 2061 413 2106 i.
435 2076 474 2107 e.
493 2060 658 2120 fhlvus.
703 2058 841 2105 Hanc
862 2068 922 2116 Υ,
958 2060 1102 2105 literae
1129 2067 1166 2104 Θ
1192 2057 1399 2116 Isidorum
1422 2073 1482 2120 op
1519 2057 1699 2116 osuifle,
1732 2058 1808 2105 sed

208 2124 435 2187 imperitia
458 2124 785 2187 descriptorum
800 2159 810 2177 ‚
849 2122 1040 2171 demiffis
1062 2121 1274 2170 cornibus
1301 2123 1348 2168 in
1360 2121 1422 2168 T.
1439 2138 1463 2168 e
1500 2121 1527 2168 'e
1549 2121 1804 2170 formatam.

203 2187 269 2236 Et
308 2189 409 2236 haec
445 2190 626 2236 veritati
660 2187 952 2236 consonantia
987 2184 1185 2235 maxime
1218 2187 1444 2235 videntur.
1511 2184 1585 2234 Ex
1612 2188 1680 2234 his
1704 2204 1806 2251 quae

202 2248 297 2301 fus&
320 2253 589 2314 adduximus
612 2285 628 2311 ‚
670 2253 788 2300 clarc
810 2265 937 2315 patet
959 2286 975 2312 ,
1008 2253 1283 2300 SmLARUM
1309 2249 1437 2298 usum
1460 2252 1509 2298 in
1530 2251 1662 2299 rebus
1688 2253 1807 2298 mili-

202 2317 369 2366 taribus
392 2317 719 2366 ufitatiffimum
743 2316 869 2364 fuisse
887 2350 904 2375 ἰ,
946 2317 1068 2380 quod
1089 2316 1291 2381 pluribus
1314 2315 1581 2364 testimoniis
1614 2316 1804 2380 probare

203 2382 454 2446 poss‘emus3
488 2383 564 2433 sed
588 2384 645 2433 de
668 2384 758 2432 hac
783 2382 969 2430 materia
994 2382 1078 2431 hac
1104 2383 1204 2432 vice
1225 2381 1326 2431 satis
1352 2379 1473 2430 dieta
1495 2379 1640 2431 sunto,

1186 2638 1270 2688 Aa
1310 2651 1363 2703 ξΔ
1700 2634 1808 2685 Cea
