2143 3081
295 145 370 203 φο
556 120 1081 207 -ῙορΝῑοοιΑι
1128 122 1618 184 TRAc’rATio

297 231 362 278 tia
386 241 520 275 nemo
546 229 731 291 paginas
755 227 876 291 apud
900 228 1127 278 Hebraeos
1152 228 1201 276 δε
1221 231 1414 279 Graecos
1446 231 1529 277 vix
1568 228 1776 278 evolvere
1810 240 1897 294 p'o‹

297 296 416 342 terit.
486 292 612 338 Hinc
639 292 770 340 facile
793 295 936 356 quivis
958 295 1266 359 conjecturare
1305 294 1481 360 potest,
1518 311 1652 359 quam
1682 295 1806 342 utilis
1842 294 1898 344 fit

298 361 399 406 haec
420 357 607 415 notitia,
642 357 890 421 praesertim
923 358 956 405 fi
981 363 1160 425 paginae
1184 361 1322 408 literis
1346 361 1584 407 Hebraicis
1619 360 1692 408 vel
1720 360 1898 408 Graecis

299 424 402 469 loco
426 438 717 469 numerorum
740 422 925 487 signatae
945 427 1241 488 reperiantur.
1310 424 1412 472 Imo
1438 425 1637 489 sepositis
1660 425 1729 471 his
1752 425 1899 471 omni-

298 487 380 542 bus
413 503 549 533 nemo
584 490 732 549 capita
765 487 1071 537 Hebraeomm
1098 489 1353 537 Bibliorum
1387 492 1598 536 evolvere
1633 488 1901 549 conabitur,

300 554 345 598 ni
368 552 601 598 memoriae
625 552 817 600 firmiter
845 554 1076 618 imprimat
1095 571 1389 602 numerorum
1415 553 1794 618 significationem
1821 569 1902 617 per

301 618 448 664 literas
472 616 746 665 denotatam.
785 618 859 668 Ut
880 619 1020 683 igitur
1043 619 1235 668 subfidio
1262 619 1394 666 simus
1422 618 1627 666 studiosae
1645 619 1903 679 Juventuti,

301 681 501 728 laborem
514 683 635 730 hunc
650 682 918 747 suscepimus
932 718 948 744 ,
962 685 1010 732 ἃ
1023 685 1246 749 speramus
1261 686 1382 732 hunc
1394 701 1561 748 magno
1574 682 1669 730 usui
1683 682 1902 730 futurum.

368 757 402 803 §.
437 747 498 792 II.
538 747 622 792 Me
659 765 751 794 non
786 749 897 795 latet
920 786 931 802 ‚
971 751 1303 798 Arithmeticos
1335 766 1515 814 quoque
1554 764 1738 795 manum
1776 748 1906 794 adhi-

300 810 441 856 buiss‘e
475 810 889 873 fixpputationibus‚
924 815 1048 876 quod
1084 814 1226 861 fiebat
1258 814 1336 861 aut
1371 815 1536 877 apertis
1579 813 1627 860 &
1661 810 1906 877 porrectis,

301 887 378 922 aut
400 874 648 923 constricstis
672 876 721 922 ὃς
747 876 1033 940 complicatis
1057 878 1227 942 digitis.
1293 879 1428 926 Olim
1460 880 1582 925 enirn
1613 891 1789 925 veteres
1823 894 1908 925 nu-

300 939 535 986 merabant
559 957 640 1004 per
663 942 838 1001 nodos,
870 943 1106 997 articulos,
1143 943 1314 1007 digitos
1338 959 1581 1000 manuum,
1617 942 1665 989 ὃς
1691 944 1737 989 in
1772 959 1909 991 manu

302 1006 418 1051 laeva
439 1004 736 1054 numerabant
754 1006 892 1074 usque
915 1008 971 1054 ad
997 1010 1246 1072 nonaginta
1265 1024 1445 1056 novem.
1483 1007 1573 1054 Sed
1595 1023 1699 1053 curn
1723 1007 1778 1053 ad
1802 1024 1910 1055 cen-

307 1071 526 1116 tenarium
567 1087 805 1118 numerum
841 1086 1148 1136 pervenerunt
1171 1107 1188 1132 a
1224 1086 1335 1120 tunc
1376 1073 1433 1120 ad
1476 1088 1659 1119 manum
1703 1071 1911 1120 dextram

304 1133 630 1198 perveniebant
657 1137 705 1184 &
731 1137 806 1183 illa
820 1153 1060 1193 numerum
1074 1136 1371 1186 centesimum
1386 1136 1747 1202 repraesentabat.
1783 1138 1911 1185 Hinc

305 1202 484 1245 Mamm
508 1200 725 1248 inmilite
749 1200 948 1265 glorioso
967 1221 976 1249 τ

365 1269 562 1312 Dexterae
591 1265 736 1330 dtgitbs
764 1270 972 1313 rationem
998 1281 1215 1332 computat
1225 1268 1395 1330 feriens
1409 1268 1573 1329 femur*

367 1333 616 1375 Dexteraem
631 1349 648 1380 ‚-

304 1398 367 1439 Et
394 1393 596 1458 Jnvemzl.
620 1393 694 1441 lib.
718 1408 764 1457 4.
790 1401 928 1460 Satyr.
959 1414 1030 1445 10.
1057 1402 1173 1453 verfi
1195 1400 1283 1463 248
1299 1432 1315 1458 ‚
1355 1414 1464 1463 249.
1485 1396 1565 1444 ubi
1584 1395 1641 1444 de
1666 1393 1875 1455 Nestore:

421 1462 546 1503 felix
573 1463 783 1506 nimirum
804 1466 883 1525 qni
907 1477 967 1508 tot
982 1478 1060 1526 per
1073 1465 1222 1524 fhcnla
1246 1478 1427 1509 mortem

419 1523 630 1581 Distulit,
669 1541 800 1588 atque
814 1529 916 1588 suos
936 1535 1030 1591 sam
1058 1529 1219 1574 dextra
1246 1542 1464 1592 computat
1485 1544 1613 1574 annos

304 1591 334 1636 i.
358 1605 396 1635 e.
420 1591 627 1652 pervenit
651 1591 708 1637 ad
734 1605 917 1639 aetatem
951 1609 1141 1657 gravem
1175 1594 1224 1641 &
1259 1593 1524 1657 provectam
1545 1627 1560 1652 ‚
1608 1592 1656 1640 &
1689 1593 1785 1656 jam
1818 1594 1914 1657 agit

304 1671 472 1701 annum
493 1656 817 1703 centenarium.
888 1658 1015 1721 Qua
1053 1659 1168 1706 laeva
1203 1659 1342 1721 usque
1373 1659 1430 1704 ad
1464 1671 1652 1704 centum
1688 1657 1914 1704 exclufive

305 1718 631 1777 numerabant,
666 1719 807 1780 ficut,
841 1737 947 1769 cum
979 1723 1036 1770 ad
1066 1722 1314 1771 secundum
1350 1724 1661 1771 centenarium
1698 1735 1919 1786 pervene-

307 1796 435 1843 rant,
467 1784 712 1832 iterumad
740 1786 902 1838 laevam
931 1787 979 1834 δί
1007 1788 1225 1835 sinistram
1244 1787 1632 1852 regrediebantur.

370 1857 407 1905 ᾗ.
443 1849 530 1894 ΠΙ.
561 1848 734 1896 Rursus
761 1852 863 1913 quia
887 1851 913 1898 a
939 1852 1058 1899 laeva
1079 1853 1135 1899 ad
1168 1853 1377 1900 dextram
1401 1851 1674 1906 transibant,
1711 1868 1817 1899 cum
1840 1851 1923 1900 ab?

306 1910 474 1960 solutus
497 1929 710 1961 numerus
741 1928 836 1962 erat
861 1918 1192 1981 nonagenarius
1226 1918 1275 1965 &
1309 1918 1606 1976 novenarius,
1643 1929 1697 1964 ut
1730 1917 1922 1965 centeii-2

304 1994 402 2024 mus
446 1990 692 2026 notaretur.
764 1979 853 2027 Sed
877 1979 1084 2030 absoluto
1116 1999 1309 2029 numero
1338 1997 1546 2030 cmnnx.
1589 1981 1646 2028 ad
1667 1982 1828 2029 laevam
1852 2000 1921 2030 rc-

302 2041 622 2099 vertebantur,
644 2056 696 2089 ut
721 2044 1086 2095 ducentefimum
1107 2064 1350 2095 numerum
1378 2045 1763 2111 repraesentarent.
1799 2048 1923 2097 Cum

305 2119 458 2153 autem
488 2105 785 2155 centesimum
811 2110 983 2158 vellent
1002 2111 1290 2177 fignificare,
1306 2111 1332 2159 a
1357 2114 1472 2160 laeva
1484 2111 1541 2159 ad
1565 2112 1778 2159 dextram
1801 2124 1925 2161 tran-

305 2169 450 2218 fibant
471 2169 519 2216 &
545 2171 703 2219 dextra
724 2187 992 2237 computare
1012 2177 1311 2242 incipiebant.
1383 2176 1484 2242 ἵκω
1510 2175 1669 2222 dextra
1706 2192 1923 2241 computat

304 2236 481 2283 annosi.
505 2237 658 2300 e.jarn
684 2239 981 2289 centesimum
1002 2260 1171 2291 annum
1210 2245 1308 2308 agit
1347 2243 1395 2291 &
1437 2242 1784 2308 supergreditur.
1854 2241 1926 2292 Ut

306 2302 445 2366 igitur
467 2302 711 2366 probemus
736 2305 864 2366 haec,
900 2323 1002 2371 quae
1028 2308 1154 2357 dista
1182 2309 1396 2370 fuerunt,
1434 2303 1706 2356 testimoniis
1744 2307 1927 2371 quibus-

305 2369 440 2426 dam,
475 2367 704 2415 audiamus
729 2373 1042 2436 Hieronymum
1067 2389 1223 2421 contra
1248 2373 1535 2440 Jovinianum
1563 2375 1593 2419 l.
1621 2389 1658 2419 1.
1685 2371 1765 2420 ubi
1800 2391 1928 2439 para-

306 2430 459 2478 bolam
479 2431 536 2479 de
556 2432 723 2482 semine
745 2434 915 2485 fruetus
937 2438 1199 2488 uberrimos
1233 2440 1518 2504 producente
1538 2473 1553 2498 .‚
1590 2437 1730 2485 modo
1766 2442 1928 2504 trigin-

304 2509 377 2555 ta,
412 2497 553 2544 modo
576 2498 985 2565 sexaginta‚modo
1010 2521 1210 2554 centum
1235 2507 1307 2553 his
1333 2503 1486 2552 verbis
1513 2505 1740 2569 explicat,
1763 2501 1813 2552 &
1835 2519 1931 2555 tor—

305 2576 413 2624 quet
437 2563 492 2611 ad
518 2578 707 2629 nuptaS,
744 2567 897 2619 viduas
920 2569 969 2621 δε
997 2573 1225 2637 virgine-S.
1295 2571 1551 2630 Centefimus
1562 2572 1843 2636 fixagefimas
1878 2573 1931 2619 ci*

1669 2673 1673 2675 >
1853 2649 1932 2682 15¹7*
