2143 3081
252 134 359 207 196
512 131 1028 207 Jo.,N1conA1
1077 133 1576 194 TxAcTA‘rro

260 232 291 286 i.
319 249 357 280 e.
391 230 667 279 Philodamus
692 233 861 292 Doffi’ni
894 247 994 280 ante
1029 234 1147 280 diem
1171 234 1394 281 decimum
1420 236 1638 284 Kalendas
1660 236 1862 287 Nove'me

259 295 348 348 bris
370 297 576 356 [pestatus
598 299 675 343 M
699 298 899 344 Terentio
936 303 984 345 C.
1014 300 1157 360 Gaffio.
1221 300 1462 349 Nimirum
1496 302 1545 349 id
1568 301 1650 349 fibi
1674 305 1861 365 volunt,

258 359 381 406 hunc
415 359 553 407 talem
585 362 891 426 gladiatorem
929 365 1008 411 tali
1038 364 1111 411 die
1135 364 1184 411 δεῖ
1207 365 1407 417 Consule
1431 366 1645 414 ultimum
1673 367 1736 414 sui
1761 369 1862 434 spe-

259 421 481 471 &ciculum
507 425 673 474 dedisse
699 427 748 475 &
769 428 880 475 rude
904 427 1126 476 donatum
1149 429 1251 477 esse.
1318 431 1430 478 Erat
1452 445 1605 479 autem
1630 432 1751 479 rudis
1775 434 1862 482 tes·

256 489 348 537 sera
367 489 574 552 quaedam
599 490 823 553 eburnea,
856 494 929 540 cui
957 510 1126 541 nomen
1145 495 1405 558 gladiatoris
1431 509 1566 544 aetate
1589 496 1768 544 emeriti
1791 500 1862 545 in-

254 552 556 615 scribebatur,
591 573 726 620 quam
748 560 824 621 qui
851 557 1127 622 accipiebat,
1163 561 1201 606 is
1222 559 1279 607 ab
1303 562 1431 608 omni
1453 560 1688 625 pugnandi
1708 561 1861 610 neces-

257 617 385 666 Iitate
420 620 714 669 eximebatur.
754 621 876 670 conf.
914 624 1107 684 Rezsneri
1138 626 1322 687 insbript.
1355 627 1468 685 claffi
1498 643 1540 673 v.
1558 627 1641 686 fol.
1663 643 1720 671 m.
1751 642 1856 689 372,

252 682 358 730 edit.
384 687 495 745 Lz'pfi
517 685 565 732 &
578 688 661 747 fol.
690 704 795 749 391.
819 686 899 735 ubi
924 688 1132 752 plurimae
1159 689 1335 737 testeae
1362 691 1664 738 recensentur.

319 758 354 805 §.
380 749 468 796 IX.
505 750 778 800 Convivales
799 754 935 814 etiam
955 752 1273 814 fuisseteffl’nas
1295 754 1468 818 liquido
1492 771 1548 803 ex
1571 758 1708 802 eAElio
1721 761 1855 803 Lam·—

243 813 390 875 pridio
414 814 471 860 de
498 818 711 861 Antonino
737 816 1027 882 Heliogabalo
1043 832 1183 882 patet.
1207 853 1211 856 -
1249 819 1468 868 Similiter
1489 820 1696 867 Tess’eras
1737 822 1858 868 luso-

253 879 338 925 rias
372 878 500 927 fuisse
533 880 731 929 ostendit
775 885 941 936 Delusa.
965 888 1080 928 Com.
1107 887 1242 930 Herc.
1267 889 1371 933 Fur.
1396 884 1485 931 vid.
1514 885 1652 931 Ovid.
1673 884 1749 932 lib.
1779 901 1794 932 1
1813 903 1851 933 1.

253 957 340 990 nrt.
366 961 483 991 ama.
511 949 724 993 Martial.
751 947 825 992 lib.
849 963 942 994 xrv.
970 951 1112 1011 Engr.
1137 965 1213 996 xv.
1251 943 1332 997 ⁹Ita
1356 950 1404 996 in
1424 947 1747 997 Contrastibus
1776 967 1857 1014 pe„

251 1009 439 1056 culiares
465 1011 777 1059 Mercatorum
799 1012 970 1060 tess'erae
990 1011 1173 1061 fuerunt
1201 1047 1217 1072 ‚
1264 1016 1331 1060 uti
1356 1031 1414 1061 ex
1450 1016 1581 1061 variis
1608 1014 1856 1078 Scriptori-

250 1070 336 1120 bus
367 1074 565 1123 ostendit
594 1075 739 1140 Jacob.
780 1076 933 1138 Philip.
956 1078 1143 1139 ‘Tomas
1175 1076 1250 1124 lib.
1271 1078 1322 1123 de
1344 1079 1500 1138 Teſjbr.
1523 1079 1706 1140 hospital.
1754 1081 1852 1127 Ve-

251 1155 354 1185 rum
378 1140 424 1185 in
449 1140 517 1187 his
540 1143 806 1204 prolixiores
827 1141 919 1189 esse-
934 1142 1172 1202 nolumus,
1203 1159 1307 1190 cum
1335 1145 1488 1190 omnia
1511 1144 1852 1206 expraeceden-

253 1202 374 1250 tibus
407 1204 624 1253 facillimo
655 1209 846 1271 negotio
872 1208 967 1253 erui
995 1207 1188 1270 posshnt.
1259 1208 1403 1255 Miffis
1427 1210 1578 1271 itaque
1603 1208 1769 1255 tesseris
1795 1208 1852 1255 ad

252 1268 407 1380 {ortes
430 1286 511 1317 nos
532 1273 835 1336 accingimus,
870 1272 918 1318 &
943 1272 972 1319 S
988 1289 1003 1318 1
1020 1287 1140 1318 GLA
1156 1288 1176 1318 s
1203 1273 1250 1319 in
1275 1272 1359 1319 illis
1383 1272 1638 1320 observatas
1660 1289 1855 1337 perpen-

287 1350 413 1380 1nius.
498 1345 506 1351 ·

316 1408 352 1456 §.
378 1399 442 1446 X.
478 1399 645 1447 Ritum
669 1399 882 1448 sortiendi
903 1401 1024 1465 quod
1048 1402 1214 1449 attinet
1233 1435 1248 1460 ,
1282 1401 1358 1448 ille
1383 1400 1685 1466 peragebatur
1721 1401 1856 1448 certis

250 1463 427 1510 Smms.
497 1465 705 1512 Sortibus
725 1479 895 1514 veteres
922 1468 1040 1513 varia
1076 1465 1379 1515 inscribebant
1423 1468 1607 1514 nomina
1647 1465 1855 1529 persona·

250 1545 351 1576 rum
375 1529 447 1576 vel
470 1546 619 1576 rerum
642 1531 699 1577 de
724 1531 887 1595 quibus
906 1531 1051 1579 sortiri
1065 1531 1289 1579 ivolebant
1304 1569 1314 1585 ‚
1351 1547 1403 1579 ut
1426 1533 1474 1578 in
1506 1530 1698 1578 sortibus
1719 1530 1856 1577 Israe-

248 1594 301 1640 lis
326 1595 536 1641 Nomina
558 1595 787 1643 Tribuum
812 1630 828 1654 ‚
874 1613 1046 1643 nomen
1078 1596 1286 1643 divinum
1323 1597 1372 1644 &
1393 1596 1579 1643 Asaselis
1603 1594 1854 1657 conspicie-

248 1657 394 1706 batur.
441 1660 624 1706 Deinde
647 1661 747 1707 talis
770 1659 956 1708 sortium
976 1660 1275 1707 ‘LITERAS
1301 1660 1743 1708 ALPHABETHI
1768 1677 1853 1723 pro

250 1723 471 1787 eligendis
502 1725 574 1770 vel
598 1725 860 1772 damnandis
884 1720 1189 1788 imprimebant
1215 1758 1232 1784 ‚
1273 1727 1341 1773 uti
1368 1728 1436 1773 vir
1459 1726 1574 1789 plur.
1609 1724 1853 1770 Reverend.

253 1792 450 1833 ‘isauria
473 1792 517 1831 in
538 1788 637 1834 libr.
664 1790 715 1834 de
741 1788 928 1849 Sortibus
949 1803 1148 1840 veterum
1185 1789 1397 1837 ostendit.
1471 1791 1520 1836 N
1526 1806 1586 1835 on
1621 1804 1773 1835 autem
1807 1790 1853 1835 in

245 1853 381 1900 {ebus
414 1853 546 1899 licitis
574 1867 777 1907 tantum,
816 1854 888 1913 sed
917 1855 1055 1901 etiam
1075 1855 1374 1915 >idololatricis
1398 1855 1508 1902 tales
1531 1854 1703 1900 SIGLAE
1725 1869 1857 1916 repe-

249 1918 438 1964 riuntur.
504 1918 580 1964 Sic
618 1916 810 1966 sos-tibiis
847 1912 939 1983 per
960 1914 1163 1983 Sagittas
1189 1919 1547 1967 inscribebantur
1570 1919 1755 1965 nomina
1779 1935 1856 1964 ea—

249 1998 350 2029 rum
374 1982 582 2040 urbium,
619 2000 726 2046 quas
749 1983 873 2031 bello
898 2000 1121 2049 occupare
1143 1984 1436 2031 decreverant
1460 2018 1475 2043 ‚
1519 1985 1587 2030 uti
1610 1999 1666 2029 ex
1691 1981 1849 2028 Ezech.

251 2063 341 2111 cap.
379 2063 473 2092 xxi.
512 2047 699 2093 constat.
736 2049 823 2094 vid.
848 2052 1022 2094 Dieter.
1056 2053 1282 2110 Antiquit.
1307 2048 1420 2094 Bibl.
1447 2054 1492 2093 in
1517 2048 1557 2093 h.
1583 2051 1658 2093 loc.
1688 2050 1854 2093 Antan.

252 2129 339 2156 van
359 2113 474 2154 Dale
499 2111 550 2154 de
578 2111 772 2156 Idololat.
799 2111 1081 2174 &stiperffih
1104 2113 1224 2159 libro.

311 2185 346 2233 ς.
373 2176 461 2223 ΧΙ.
498 2175 654 2222 Graeci
683 2177 730 2223 in
748 2176 930 2239 judiciis
957 2177 1151 2224 ferendis
1176 2176 1414 2242 sortilegiis
1454 2177 1712 2224 utebantur.
1774 2176 1857 2237 Ju-

248 2240 422 2288 dicibus
461 2239 646 2287 delestis
683 2241 756 2288 sua
782 2242 918 2289 etiam
944 2243 1045 2289 loca
1069 2241 1143 2289 scu
1170 2242 1380 2291 stationes
1405 2242 1522 2290 sorte
1548 2240 1857 2305 affignabant,

248 2306 371 2369 quod
417 2305 650 2368 quomodo
691 2304 860 2353 factum
892 2308 1049 2355 Graeci
1094 2308 1325 2356 Authores
1375 2308 1591 2355 indicant.
1662 2307 1858 2354 Athenis

246 2384 374 2418 erant
409 2371 536 2434 plura
569 2369 800 2418 dicasteria
833 2374 860 2418 i.
899 2389 938 2419 e.
973 2371 1185 2419 stationes
1215 2375 1287 2438 jus
1335 2373 1599 2420 dicentium.
1668 2372 1722 2417 In
1763 2371 1858 2418 aliis

244 2436 365 2483 enim
394 2435 765 2499 expendebantur
790 2470 806 2495 ,
850 2454 952 2501 quae
978 2440 1129 2496 Φονικοὲ
1149 2435 1306 2485 Graeci
1328 2438 1558 2502 appellant
1577 2470 1592 2495 ‚
1641 2435 1721 2482 ubi
1748 2452 1856 2499 age-

245 2500 378 2547 batui·
413 2501 470 2548 de
492 2502 596 2548 vita.
668 2501 721 2547 In
742 2502 838 2547 aliis
874 2503 1028 2549 civiles
1067 2503 1170 2550 lites
1206 2502 1524 2551 traetabantur.
1590 2501 1855 2564 Unicuique

244 2566 423 2614 stationi
463 2583 632 2615 nomen
665 2583 723 2616 ex
743 2567 985 2617 elementis
1010 2565 1087 2618 seu
1113 2568 1448 2620 elementorum
1475 2566 1582 2616 serie
1604 2565 1857 2615 indebatur,

1748 2629 1862 2678 Erat
